@article{RN327,
   title = {<Creep Crack Initiation and Growth.pdf>},
   type = {Journal Article}
}

@article{RN544,
   title = {Falk, F.L., A. NEEDLEMAN, and J.R. Rice, A critical evaluation of cohesive zone models of dynamic fracture. Journal de Physique IV, 2001: p. 543-550.},
   type = {Journal Article}
}

@article{RN331,
   title = {<A fractographic study on toughening of epoxy resin using ground tyre rubber.pdf>},
   type = {Journal Article}
}

@article{RN328,
   title = {<Fracture of Polymeric Materials.pdf>},
   type = {Journal Article}
}

@article{RN329,
   title = {<Mechanical Properties Fatigue.pdf>},
   type = {Journal Article}
}

@article{RN330,
   title = {<Mode I fracture of epoxy bonded composite joints1 Quasistatic loading.pdf>},
   type = {Journal Article}
}

@article{RN491,
   title = {Modelling with cohesive elements},
   journal = {Abaqus Analysis User's Guide 6.13},
   volume = {Chapter 32.5.3},
   type = {Journal Article}
}

@article{RN545,
   title = {Song, K., Davila, C. G., and Rose, C. A., “Guidelines and parameter selection for the simulation of progressive delamination”, Abaqus User Conference, Newport, RI, 2008.},
   type = {Journal Article}
}

@article{RN528,
   title = {Vipul Ranatunga. (2011). Finite Element Modeling of Delamination Crack Propagation in Laminated Composites},
   journal = {Proceedings of the World Congress on Engineering 2011 Vol III, WCE 2011, July 6 - 8, 2011, London, U.K.},
   type = {Journal Article}
}

@misc{lisher},
   type = {Standard}
}

@misc{lisher},
   year = {2015},
   type = {Standard}
}

@misc{lisher},
   year = {2002},
   type = {Standard}
}

@article{RN564,
   author = {Abadyan, M. and Kouchakzadeh, M. A. and Bagheri, R.},
   title = {Fracture toughness of a hybrid rubber modified epoxy. II. Effect of loading rate},
   journal = {Journal of Applied Polymer Science},
   volume = {125},
   number = {3},
   pages = {2476-2483},
   ISSN = {1097-4628},
   DOI = {10.1002/app.35379},
   urXl = {http://dx.doi.org/10.1002/app.35379
http://onlinelibrary.wiley.com/store/10.1002/app.35379/asset/35379_ftp.pdf?v=1&t=idq4ndc1&s=9814ab8d56c24de11da3f86ffff3b3c31033c562},
   year = {2012},
   type = {Journal Article}
}

@article{RN346,
   author = {Adachi, Tadaharu and Osaki, Mayuka and Araki, Wakako and Kwon, Soon-Chul},
   title = {Fracture toughness of nano- and micro-spherical silica-particle-filled epoxy composites},
   journal = {Acta Materialia},
   volume = {56},
   number = {9},
   pages = {2101-2109},
   ISSN = {13596454},
   DOI = {10.1016/j.actamat.2008.01.002},
   year = {2008},
   type = {Journal Article}
}

@article{RN321,
   author = {Adnan, A. and Sun, C. T.},
   title = {Effect of adhesive thickness on joint strength: A molecular dynamics perspective},
   journal = {Journal of Adhesion},
   volume = {84},
   number = {5},
   pages = {401-420},
   ISSN = {0021-8464},
   DOI = {10.1080/00218460802089239},
   urXl = {<Go to ISI>://WOS:000256810100001
http://www.tandfonline.com/doi/pdf/10.1080/00218460802089239},
   year = {2008},
   type = {Journal Article}
}

@misc{lisher},
   month = {2006},
   year = {2006},
   type = {Web Page}
}

@article{RN451,
   author = {Allen, D. H. and Searcy, C. R.},
   title = {Numerical aspects of a micromechanical model of a cohesive zone},
   journal = {Journal of Reinforced Plastics and Composites},
   volume = {19},
   number = {3},
   pages = {240-248},
   ISSN = {0731-6844},
   DOI = {10.1106/m9vx-1ndr-9fv0-dm6l},
   urXl = {<Go to ISI>://WOS:000085479800004},
   year = {2000},
   type = {Journal Article}
}

@article{RN460,
   author = {Allen, D. H. and Searcy, C. R.},
   title = {A micromechanical model for a viscoelastic cohesive zone},
   journal = {International Journal of Fracture},
   volume = {107},
   number = {2},
   pages = {159-176},
   ISSN = {0376-9429},
   DOI = {10.1023/a:1007693116116},
   urXl = {<Go to ISI>://WOS:000167210700004
http://download.springer.com/static/pdf/577/art%253A10.1023%252FA%253A1007693116116.pdf?auth66=1397051293_4e74925934735e1b2f1eadee34c91631&ext=.pdf},
   year = {2001},
   type = {Journal Article}
}

@article{RN399,
   author = {Allman, D. J.},
   title = {A theory for elastic stresses in adhesive bonded lap joints},
   journal = {Quarterly Journal of Mechanics and Applied Mathematics},
   volume = {30},
   number = {4},
   pages = {415-436},
   urXl = {http://www.scopus.com/inward/record.url?eid=2-s2.0-0017557758&partnerID=40&md5=90d5fdd1da592eaefa9af949bd172c2f},
   year = {1977},
   type = {Journal Article}
}

@article{RN536,
   author = {Álvarez, D. and Blackman, B. R. K. and Guild, F. J. and Kinloch, A. J.},
   title = {Mode I fracture in adhesively-bonded joints: A mesh-size independent modelling approach using cohesive elements},
   journal = {Engineering Fracture Mechanics},
   volume = {115},
   number = {0},
   pages = {73-95},
   ISSN = {0013-7944},
   DOI = {http://dx.doi.org/10.1016/j.engfracmech.2013.10.005},
   urXl = {http://www.sciencedirect.com/science/article/pii/S0013794413003238},
   year = {2014},
   type = {Journal Article}
}

@article{RN558,
   author = {Álvarez, D. and Blackman, B. R. K. and Guild, F. J. and Kinloch, A. J.},
   title = {Mode I fracture in adhesively-bonded joints: A mesh-size independent modelling approach using cohesive elements},
   journal = {Engineering Fracture Mechanics},
   volume = {115},
   pages = {73-95},
   ISSN = {0013-7944},
   DOI = {http://dx.doi.org/10.1016/j.engfracmech.2013.10.005},
   urXl = {http://www.sciencedirect.com/science/article/pii/S0013794413003238
http://ac.els-cdn.com/S0013794413003238/1-s2.0-S0013794413003238-main.pdf?_tid=08970742-45a9-11e5-bad6-00000aab0f01&acdnat=1439902980_c9122e4ba6a283478d929a6d803aa6da},
   year = {2014},
   type = {Journal Article}
}

@article{RN222,
   author = {Ameli, A. and Papini, M. and Schroeder, J. A. and Spelt, J. K.},
   title = {Fracture R-curve characterization of toughened epoxy adhesives},
   journal = {Engineering Fracture Mechanics},
   volume = {77},
   number = {3},
   pages = {521-534},
   ISSN = {00137944},
   DOI = {10.1016/j.engfracmech.2009.10.009},
   year = {2010},
   type = {Journal Article}
}

@article{RN332,
   author = {Ameli, A. and Papini, M. and Schroeder, J. A. and Spelt, J. K.},
   title = {Fracture R-curve characterization of toughened epoxy adhesives},
   journal = {Engineering Fracture Mechanics},
   volume = {77},
   number = {3},
   pages = {521-534},
   ISSN = {00137944},
   DOI = {10.1016/j.engfracmech.2009.10.009},
   year = {2010},
   type = {Journal Article}
}

@article{RN416,
   author = {Andrews, E. H. and Kinloch, A. J.},
   title = {Mechanics of Adhesive Failure. I},
   journal = {Proceedings of the Royal Society of London. Series A, Mathematical and Physical Sciences},
   volume = {332},
   number = {1590},
   pages = {385-399},
   ISSN = {00804630},
   DOI = {10.2307/78330},
   urXl = {http://www.jstor.org/stable/78330},
   year = {1973},
   type = {Journal Article}
}

@article{RN417,
   author = {Andrews, E. H. and Kinloch, A. J.},
   title = {Mechanics of Adhesive Failure. II},
   journal = {Proceedings of the Royal Society of London. Series A, Mathematical and Physical Sciences},
   volume = {332},
   number = {1590},
   pages = {401-414},
   ISSN = {00804630},
   DOI = {10.2307/78331},
   urXl = {http://www.jstor.org/stable/78331},
   year = {1973},
   type = {Journal Article}
}

@article{RN315,
   author = {Arenas, J. M. and Narbon, J. J. and Alia, C.},
   title = {Optimum adhesive thickness in structural adhesives joints using statistical techniques based on Weibull distribution},
   journal = {International Journal of Adhesion and Adhesives},
   volume = {30},
   number = {3},
   pages = {160-165},
   ISSN = {0143-7496},
   DOI = {10.1016/j.ijadhadh.2009.12.003},
   urXl = {<Go to ISI>://WOS:000274949800005
http://ac.els-cdn.com/S0143749609001031/1-s2.0-S0143749609001031-main.pdf?_tid=874d5a24-9d5c-11e3-838c-00000aacb35f&acdnat=1393250828_36d33b8c0626accd919ec21136083c69},
   year = {2010},
   type = {Journal Article}
}

@article{RN542,
   author = {Asgari Mehrabadi, F.},
   title = {Experimental and numerical failure analysis of adhesive composite joints},
   journal = {International Journal of Aerospace Engineering},
   urXl = {http://www.scopus.com/inward/record.url?eid=2-s2.0-84861060007&partnerID=40&md5=9ff9310511a0a3b1b3fc7ed3c66a922e},
   year = {2012},
   type = {Journal Article}
}

@article{RN438,
   author = {Ashcroft, I. A. and Hughes, D. J. and Shaw, S. J.},
   title = {Mode I fracture of epoxy bonded composite joints: 1. Quasi-static loading},
   journal = {International Journal of Adhesion and Adhesives},
   volume = {21},
   number = {2},
   pages = {87-99},
   ISSN = {0143-7496},
   DOI = {10.1016/s0143-7496(00)00038-5},
   urXl = {<Go to ISI>://WOS:000167498500001
http://ac.els-cdn.com/S0143749600000385/1-s2.0-S0143749600000385-main.pdf?_tid=9db25836-b6a3-11e3-bb16-00000aacb35e&acdnat=1396030139_f43fcdec234544878e48db23384187c7},
   year = {2001},
   type = {Journal Article}
}

@article{RN422,
   author = {Azari, S. and Ameli, A. and Papini, M. and Spelt, J. K.},
   title = {Analysis and design of adhesively bonded joints for fatigue and fracture loading: a fracture-mechanics approach},
   journal = {Journal of Adhesion Science and Technology},
   volume = {27},
   number = {15},
   pages = {1681-1711},
   ISSN = {0169-4243},
   DOI = {10.1080/01694243.2012.748434},
   urXl = {<Go to ISI>://WOS:000320642600005},
   year = {2013},
   type = {Journal Article}
}

@phdthesis{RN275,
   author = {Babu, J.B.},
   title = {PhD thesis,Predicting the fatigue behaviour of matrices and fibre-composites based upon modified epoxy polymers},
   university = {Imperial College London},
   year = {2012},
   type = {Thesis}
}

@article{RN284,
   author = {Bagheri, R. and Marouf, B. T. and Pearson, R. A.},
   title = {Rubber-Toughened Epoxies: A Critical Review},
   journal = {Polymer Reviews},
   volume = {49},
   number = {3},
   pages = {201-225},
   ISSN = {1558-3724},
   DOI = {10.1080/15583720903048227},
   urXl = {http://dx.doi.org/10.1080/15583720903048227
http://www.tandfonline.com/doi/pdf/10.1080/15583720903048227},
   year = {2009},
   type = {Journal Article}
}

@article{RN383,
   author = {Bagheri, R. and Pearson, R. A.},
   title = {Role of particle cavitation in rubber-toughened epoxies .1. Microvoid toughening},
   journal = {Polymer},
   volume = {37},
   number = {20},
   pages = {4529-4538},
   ISSN = {0032-3861},
   DOI = {10.1016/0032-3861(96)00295-9},
   urXl = {<Go to ISI>://WOS:A1996VK90200010
http://ac.els-cdn.com/0032386196002959/1-s2.0-0032386196002959-main.pdf?_tid=121f6bb8-b0f1-11e3-b7c4-00000aacb360&acdnat=1395403699_2f1787aa0cd3a04c1ab8108a48fb4bb8},
   year = {1996},
   type = {Journal Article}
}

@article{RN299,
   author = {Bagheri, R. and Pearson, R. A.},
   title = {Role of particle cavitation in rubber-toughened epoxies: II. Inter-particle distance},
   journal = {Polymer},
   volume = {41},
   number = {1},
   pages = {269-276},
   ISSN = {0032-3861},
   DOI = {10.1016/s0032-3861(99)00126-3},
   urXl = {<Go to ISI>://WOS:000083372700029
http://ac.els-cdn.com/S0032386199001263/1-s2.0-S0032386199001263-main.pdf?_tid=d5833c30-9e3e-11e3-8b57-00000aab0f02&acdnat=1393348025_37420741e1054d5a795bb77fe9b0a28b},
   year = {2000},
   type = {Journal Article}
}

@article{RN487,
   author = {Baller, Jörg and Becker, Nora and Ziehmer, Markus and Thomassey, Matthieu and Zielinski, Bartosz and Müller, Ulrich and Sanctuary, Roland},
   title = {Interactions between silica nanoparticles and an epoxy resin before and during network formation},
   journal = {Polymer},
   volume = {50},
   number = {14},
   pages = {3211-3219},
   ISSN = {0032-3861},
   DOI = {http://dx.doi.org/10.1016/j.polymer.2009.05.020},
   urXl = {http://www.sciencedirect.com/science/article/pii/S003238610900425X
http://ac.els-cdn.com/S003238610900425X/1-s2.0-S003238610900425X-main.pdf?_tid=9865e308-e663-11e3-9249-00000aacb35f&acdnat=1401280298_4c7cf69dfea352c4a37f6227ff404c84},
   year = {2009},
   type = {Journal Article}
}

@article{RN435,
   author = {Bandyopadhyay, S.},
   title = {CORRELATION OF MACROSCOPIC FRACTURE-BEHAVIOR WITH MICROSCOPIC ASPECTS OF DEFORMATION IN TOUGHENED EPOXIES},
   journal = {Abstracts of Papers of the American Chemical Society},
   volume = {200},
   pages = {7-PMSE},
   ISSN = {0065-7727},
   urXl = {<Go to ISI>://WOS:A1990DU04301229},
   year = {1990},
   type = {Journal Article}
}

@article{RN259,
   author = {Bandyopadhyay, S.},
   title = {Review of the microscopic and macroscopic aspects of fracture of unmodified and modified epoxy-resins},
   journal = {Materials Science and Engineering A-Structural Materials Properties Microstructure and Processing},
   volume = {125},
   number = {2},
   pages = {157-184},
   ISSN = {0921-5093},
   DOI = {10.1016/0921-5093(90)90167-2},
   urXl = {<Go to ISI>://WOS:A1990DH63900003
http://www.sciencedirect.com/science/article/pii/0921509390901672
http://ac.els-cdn.com/0921509390901672/1-s2.0-0921509390901672-main.pdf?_tid=c6b51f32-adc2-11e3-8ff6-00000aab0f01&acdnat=1395053962_7630b686ff001eef731976210ca85bc6},
   year = {1990},
   type = {Journal Article}
}

@article{RN434,
   author = {Bandyopadhyay, S.},
   title = {MACROSCOPIC FRACTURE-BEHAVIOR - CORRELATION WITH MICROSCOPIC ASPECTS OF DEFORMATION IN TOUGHENED EPOXIES},
   journal = {Advances in Chemistry Series},
   number = {233},
   pages = {211-258},
   ISSN = {0065-2393},
   urXl = {<Go to ISI>://WOS:A1993LJ63400010},
   year = {1993},
   type = {Journal Article}
}

@article{RN320,
   author = {Bardis, J. D. and Kedward, K. T.},
   title = {Surface preparation effects on mode I testing of adhesively bonded composite joints},
   journal = {Journal of Composites Technology and Research},
   volume = {24},
   number = {1},
   pages = {30-37},
   urXl = {http://www.scopus.com/inward/record.url?eid=2-s2.0-0036240283&partnerID=40&md5=1937aae1f320e8534ab970e326ab3033},
   year = {2002},
   type = {Journal Article}
}

@article{RN430,
   author = {Bishopp, J. A. and Thompson, G. E.},
   title = {THE ROLE OF ELECTRON-MICROSCOPY IN THE STUDY OF ADHESION TO ALUMINUM SUBSTRATES},
   journal = {Surface and Interface Analysis},
   volume = {20},
   number = {5},
   pages = {485-494},
   ISSN = {0142-2421},
   DOI = {10.1002/sia.740200523},
   urXl = {<Go to ISI>://WOS:A1993LF75800022
http://onlinelibrary.wiley.com/doi/10.1002/sia.740200523/abstract},
   year = {1993},
   type = {Journal Article}
}

@article{RN423,
   author = {Blackman, B. and Dear, J. P. and Kinloch, A. J. and Osiyemi, S.},
   title = {The calculation of adhesive fracture energies from double-cantilever beam test specimens},
   journal = {Journal of Materials Science Letters},
   volume = {10},
   number = {5},
   pages = {253-256},
   ISSN = {0261-8028},
   DOI = {10.1007/bf00735649},
   urXl = {<Go to ISI>://WOS:A1991FB09500005},
   year = {1991},
   type = {Journal Article}
}

@article{RN333,
   author = {Blackman B. R. K. and Kinloch, A. J. and Rodriguez Sanchez and F. S., Teo and W. S., Williams, J. G.},
   title = {The fracture behaviour of structural adhesives under high rates of testing},
   journal = {Engineering Fracture Mechanics},
   volume = {76},
   number = {18},
   pages = {2868-2889},
   ISSN = {00137944},
   DOI = {10.1016/j.engfracmech.2009.07.013},
   year = {2009},
   type = {Journal Article}
}

@inbook{RN541,
   author = {Blackman, B. R. K.},
   title = {Delamination in adhesively bonded joints},
   booktitle = {Delamination Behaviour of Composites},
   pages = {458-484},
   urXl = {http://www.scopus.com/inward/record.url?eid=2-s2.0-84904073835&partnerID=40&md5=d7d3bd760bc49d277f331a3d02c6eb15},
   year = {2008},
   type = {Book Section}
}

@misc{lisher},
   year = {2015},
   type = {Personal Communication}
}

@inproceedings{RN540,
   author = {Blackman, B. R. K. and Cartie, D. D. R. and Kinloch, A. J. and Rodriquez-Sanchez, F. S. and Teo, W. S.},
   title = {Measuring the fracture resistance of composites and adhesively bonded joints at high test rates},
   booktitle = {Fracture of Nano and Engineering Materials and Structures - Proceedings of the 16th European Conference of Fracture},
   pages = {493-494},
   urXl = {http://www.scopus.com/inward/record.url?eid=2-s2.0-84908269052&partnerID=40&md5=7b7fde52236c60ec944eaf8a696ac467},
   type = {Conference Proceedings}
}

@article{RN496,
   author = {Blackman, B. R. K. and Dear, J. P. and Kinloch, A. J. and Macgillivray, H. and Wang, Y. and Williams, J. G. and Yayla, P.},
   title = {The failure of fibre composites and adhesively bonded fibre composites under high rates of test .1. Mode I loading - Experimental studies},
   journal = {Journal of Materials Science},
   volume = {30},
   number = {23},
   pages = {5885-5900},
   ISSN = {0022-2461},
   DOI = {10.1007/bf01151502},
   urXl = {<Go to ISI>://WOS:A1995TK89500006},
   year = {1995},
   type = {Journal Article}
}

@article{RN425,
   author = {Blackman, B. R. K. and Dear, J. P. and Kinloch, A. J. and MacGillivray, H. and Wang, Y. and Williams, J. G. and Yayla, P.},
   title = {The failure of fibre composites and adhesively bonded fibre composites under high rates of test .3. Mixed-mode I/II and mode II loadings},
   journal = {Journal of Materials Science},
   volume = {31},
   number = {17},
   pages = {4467-4477},
   ISSN = {0022-2461},
   DOI = {10.1007/bf00366342},
   urXl = {<Go to ISI>://WOS:A1996VF82700003
http://download.springer.com/static/pdf/384/art%253A10.1007%252FBF00366342.pdf?auth66=1396186983_2c3d70ec88c42665e6b77ecb317e365b&ext=.pdf},
   year = {1996},
   type = {Journal Article}
}

@article{RN267,
   author = {Blackman, B. R. K. and Hadavinia, H. and Kinloch, A. J. and Paraschi, M. and Williams, J. G.},
   title = {The calculation of adhesive fracture energies in mode I: revisiting the tapered double cantilever beam (TDCB) test},
   journal = {Engineering Fracture Mechanics},
   volume = {70},
   number = {2},
   pages = {233-248},
   ISSN = {0013-7944},
   DOI = {http://dx.doi.org/10.1016/S0013-7944(02)00031-0},
   urXl = {http://www.sciencedirect.com/science/article/pii/S0013794402000310
http://ac.els-cdn.com/S0013794402000310/1-s2.0-S0013794402000310-main.pdf?_tid=6e6aa9d2-5c4b-11e3-a868-00000aacb35f&acdnat=1386096659_7988a7737438faadcb53a3afe5bb4bb5
http://ac.els-cdn.com/S0013794402000310/1-s2.0-S0013794402000310-main.pdf?_tid=ac00f7c4-add6-11e3-a602-00000aab0f27&acdnat=1395062511_d03835db1fbc5e6c5239760893627b9a},
   year = {2003},
   type = {Journal Article}
}

@article{RN552,
   author = {Blackman, B. R. K. and Hadavinia, H. and Kinloch, A. J. and Williams, J. G.},
   title = {The use of a cohesive zone model to study the fracture of fibre composites and adhesively-bonded joints},
   journal = {International Journal of Fracture},
   volume = {119},
   number = {1},
   pages = {25-46},
   urXl = {http://www.scopus.com/inward/record.url?eid=2-s2.0-0038500752&partnerID=40&md5=e0637b86830dbb4c858d90645f795327},
   year = {2003},
   type = {Journal Article}
}

@article{RN366,
   author = {Blackman, B. R. K. and Johnsen, B. B. and Kinloch, A. J. and Teo, W. S.},
   title = {The effects of pre-bond moisture on the fracture behaviour of adhesively-bonded composite joints},
   journal = {Journal of Adhesion},
   volume = {84},
   number = {3},
   pages = {256-276},
   ISSN = {0021-8464},
   DOI = {10.1080/00218460801954391},
   urXl = {<Go to ISI>://WOS:000255158400006},
   year = {2008},
   type = {Journal Article}
}

@article{RN477,
   author = {Blackman, B.R.K. and Kinloch, A.J.},
   title = {Protocol for the determination of the mode I adhesive fracture energy, GIC, of structural adhesives using the double cantilever beam (DCB) and tapered double cantilever beam},
   journal = {ESIS},
   year = {2008},
   type = {Journal Article}
}

@inbook{RN439,
   author = {Blackman, B. R. K. and Kinloch, A. J. and Paraschi, M.},
   title = {On the mode II loading of adhesive joints},
   booktitle = {Fracture of Polymers, Composites and Adhesives Ii},
   editor = {Blackman, B. R. K. and Pavan, A. and Williams, J. G.},
   series = {Esis (European Structural Integrity Society) Publication},
   volume = {32},
   pages = {293-304},
   ISBN = {1566-1369
0-08-044195-5},
   urXl = {<Go to ISI>://WOS:000189327200025},
   year = {2003},
   type = {Book Section}
}

@article{RN272,
   author = {Blackman, B. R. K. and Kinloch, A. J. and Paraschi, M. and Teo, W. S.},
   title = {Measuring the mode I adhesive fracture energy, GIC, of structural adhesive joints: the results of an international round-robin},
   journal = {International Journal of Adhesion and Adhesives},
   volume = {23},
   number = {4},
   pages = {293-305},
   ISSN = {0143-7496},
   DOI = {http://dx.doi.org/10.1016/S0143-7496(03)00047-2},
   urXl = {http://www.sciencedirect.com/science/article/pii/S0143749603000472
http://ac.els-cdn.com/S0143749603000472/1-s2.0-S0143749603000472-main.pdf?_tid=958a2754-add6-11e3-818d-00000aacb360&acdnat=1395062469_3aad677a5d976aaa4ac65febfc886de4},
   year = {2003},
   type = {Journal Article}
}

@article{RN492,
   author = {Blackman, B. R. K. and Kinloch, A. J. and Rodriguez-Sanchez, F. S. and Teo, W. S.},
   title = {The fracture behaviour of adhesively-bonded composite joints: Effects of rate of test and mode of loading},
   journal = {International Journal of Solids and Structures},
   volume = {49},
   number = {13},
   pages = {1434-1452},
   ISSN = {0020-7683},
   DOI = {10.1016/j.ijsolstr.2012.02.022},
   urXl = {<Go to ISI>://WOS:000304744400002
http://ac.els-cdn.com/S0020768312000625/1-s2.0-S0020768312000625-main.pdf?_tid=70e1c962-e813-11e3-8712-00000aab0f6c&acdnat=1401465774_2bb29655f5357ec0fe06293ab8efeb53},
   year = {2012},
   type = {Journal Article}
}

@inproceedings{RN537,
   author = {Blackman, B. R. K. and Kinloch, A. J. and Rodriguez-Sanchez, F. S. and Williams, J. G.},
   title = {Interlaminar fracture effects in adhesively bonded composite joints},
   booktitle = {18th European Conference on Fracture: Fracture of Materials and Structures from Micro to Macro Scale},
   urXl = {http://www.scopus.com/inward/record.url?eid=2-s2.0-84870963100&partnerID=40&md5=5896080a6994280cbdd80ff0ec43813c},
   type = {Conference Proceedings}
}

@article{RN498,
   author = {Blackman, B. R. K. and Kinloch, A. J. and Taylor, A. C. and Wang, Y.},
   title = {The impact wedge-peel performance of structural adhesives},
   journal = {Journal of Materials Science},
   volume = {35},
   number = {8},
   pages = {1867-1884},
   ISSN = {0022-2461},
   DOI = {10.1023/a:1004793730352},
   urXl = {<Go to ISI>://WOS:000085623200003},
   year = {2000},
   type = {Journal Article}
}

@article{RN419,
   author = {Blackman, B. R. K. and Kinloch, A. J. and Wang, Y. and Williams, J. G.},
   title = {The failure of fibre composites and adhesively bonded fibre composites under high rates of test},
   journal = {Journal of Materials Science},
   volume = {31},
   number = {17},
   pages = {4451-4466},
   ISSN = {0022-2461},
   DOI = {10.1007/BF00366341},
   urXl = {http://dx.doi.org/10.1007/BF00366341},
   year = {1996},
   type = {Journal Article}
}

@article{RN424,
   author = {Blackman, B. R. K. and Kinloch, A. J. and Wang, Y. and Williams, J. G.},
   title = {The failure of fibre composites and adhesively bonded fibre composites under high rates of test .2. Mode I loading - Dynamic effects},
   journal = {Journal of Materials Science},
   volume = {31},
   number = {17},
   pages = {4451-4466},
   ISSN = {0022-2461},
   DOI = {10.1007/bf00366341},
   urXl = {<Go to ISI>://WOS:A1996VF82700002
http://download.springer.com/static/pdf/385/art%253A10.1007%252FBF00366341.pdf?auth66=1396186980_70d426870fe7ef76dd47860f7e723a2f&ext=.pdf},
   year = {1996},
   type = {Journal Article}
}

@article{RN319,
   author = {Bland, D. J. and Kinloch, A. J. and Watts, J. F.},
   title = {The Role of the Surface Pretreatment in the Durability of Aluminium-Alloy Structural Adhesive Joints: Mechanisms of Failure},
   journal = {Journal of Adhesion},
   volume = {89},
   number = {5},
   pages = {369-397},
   ISSN = {0021-8464},
   DOI = {10.1080/00218464.2013.757517},
   urXl = {<Go to ISI>://WOS:000315691100003
http://www.tandfonline.com/doi/pdf/10.1080/00218464.2013.757517},
   year = {2013},
   type = {Journal Article}
}

@article{RN448,
   author = {Bonhomme, J. and Arguelles, A. and Castrillo, M. A. and Vina, J.},
   title = {Computational models for mode I composite fracture failure: the virtual crack closure technique versus the two-step extension method},
   journal = {Meccanica},
   volume = {45},
   number = {3},
   pages = {297-304},
   ISSN = {0025-6455},
   DOI = {10.1007/s11012-009-9248-5},
   urXl = {<Go to ISI>://WOS:000278120100001},
   year = {2010},
   type = {Journal Article}
}

@article{RN579,
   author = {Boudierb, Philippe Andreya and Thomas},
   title = {3D Processing and Analysis with ImageJ},
   journal = {Universit e Pierre et Marie Curie, IFR83, 7 quai St Bernard, 75252 Paris Cedex 05, France.},
   type = {Journal Article}
}

@article{RN488,
   author = {Bray, D. J. and Dittanet, P. and Guild, F. J. and Kinloch, A. J. and Masania, K. and Pearson, R. A. and Taylor, A. C.},
   title = {The modelling of the toughening of epoxy polymers via silica nanoparticles: The effects of volume fraction and particle size},
   journal = {Polymer},
   volume = {54},
   number = {26},
   pages = {7022-7032},
   ISSN = {0032-3861},
   DOI = {http://dx.doi.org/10.1016/j.polymer.2013.10.034},
   urXl = {http://www.sciencedirect.com/science/article/pii/S0032386113009889
http://ac.els-cdn.com/S0032386113009889/1-s2.0-S0032386113009889-main.pdf?_tid=cbade5f8-e663-11e3-ae2b-00000aacb35d&acdnat=1401280384_b2985c00e27dca2306252757d96f558f},
   year = {2013},
   type = {Journal Article}
}

@article{RN349,
   author = {Bray, D. J. and Gilmour, S. G. and Guild, F. J. and Hsieh, T. H. and Masania, K. and Taylor, A. C.},
   title = {Quantifying nanoparticle dispersion: application of the Delaunay network for objective analysis of sample micrographs},
   journal = {Journal of Materials Science},
   volume = {46},
   number = {19},
   pages = {6437-6452},
   ISSN = {0022-2461
1573-4803},
   DOI = {10.1007/s10853-011-5615-4},
   year = {2011},
   type = {Journal Article}
}

@article{RN288,
   author = {Bray, David J. and Gilmour, Steven G. and Guild, Felicity J. and Taylor, Ambrose C.},
   title = {Quantifying nanoparticle dispersion by using the area disorder of Delaunay triangulation},
   journal = {Journal of the Royal Statistical Society: Series C (Applied Statistics)},
   volume = {61},
   number = {2},
   pages = {253-275},
   ISSN = {1467-9876},
   DOI = {10.1111/j.1467-9876.2011.01009.x},
   urXl = {http://dx.doi.org/10.1111/j.1467-9876.2011.01009.x
http://onlinelibrary.wiley.com/store/10.1111/j.1467-9876.2011.01009.x/asset/j.1467-9876.2011.01009.x.pdf?v=1&t=hrxhcpli&s=81b14f06bb97350092e25ee6467fff0668ba1646},
   year = {2012},
   type = {Journal Article}
}

@phdthesis{RN441,
   author = {Brett, Michael},
   title = {PhD thesis, Prediction of the preformance of adhesively-bonded composite joints},
   university = {Imperial College London},
   year = {2011},
   type = {Thesis}
}

@phdthesis{RN271,
   author = {Brooker, R. D.},
   title = {PhD thesis, The morphology and toughness of thermoplastic-modified epoxy polymer with carbon nanotubes or silica nanoparticles},
   university = {Imperial College London},
   year = {2009},
   type = {Thesis}
}

@article{RN534,
   author = {Brooker, R. D. and Guild, F. J. and Taylor, A. C.},
   title = {Quantifying the dispersion of carbon nanotubes in thermoplastic-toughened epoxy polymers},
   journal = {Journal of Materials Science},
   volume = {46},
   number = {9},
   pages = {3108-3118},
   ISSN = {0022-2461},
   DOI = {10.1007/s10853-010-5190-0},
   urXl = {http://dx.doi.org/10.1007/s10853-010-5190-0},
   year = {2011},
   type = {Journal Article}
}

@article{RN584,
   author = {Brooker, R. D. and Kinloch, A. J. and Taylor, A. C.},
   title = {The Morphology and Fracture Properties of Thermoplastic-Toughened Epoxy Polymers},
   journal = {The Journal of Adhesion},
   volume = {86},
   number = {7},
   pages = {726-741},
   ISSN = {0021-8464},
   DOI = {10.1080/00218464.2010.482415},
   urXl = {http://dx.doi.org/10.1080/00218464.2010.482415},
   year = {2010},
   type = {Journal Article}
}

@article{RN241,
   author = {Browning, Robert L. and Jiang, Han and Sue, Hung-Jue},
   title = {Chapter 15. Scratch behavior of polymeric materials},
   volume = {55},
   pages = {354-373},
   ISSN = {15723364},
   DOI = {10.1016/s1572-3364(08)55015-4},
   year = {2008},
   type = {Journal Article}
}

@inbook{RN268,
   author = {Browning, Robert L. and Jiang, Han and Sue, Hung-Jue},
   title = {Chapter 15 - Scratch behavior of polymeric materials},
   booktitle = {Tribology of Polymeric Nanocomposites (Second Edition)},
   editor = {Friedrich, Klaus and Schlarb, Alois K.},
   publisher = {Butterworth-Heinemann},
   address = {Oxford},
   pages = {513-550},
   ISBN = {978-0-444-59455-6},
   DOI = {http://dx.doi.org/10.1016/B978-0-444-59455-6.00015-5},
   urXl = {http://www.sciencedirect.com/science/article/pii/B9780444594556000155},
   year = {2013},
   type = {Book Section}
}

@article{RN242,
   author = {Browning, Robert L. and Jiang, Han and Sue, Hung-Jue},
   title = {Scratch behavior of polymeric materials},
   pages = {513-550},
   DOI = {10.1016/b978-0-444-59455-6.00015-5},
   year = {2013},
   type = {Journal Article}
}

@article{RN353,
   author = {Browning, Robert L. and Jiang, Han and Sue, Hung-Jue},
   title = {Scratch behavior of polymeric materials},
   pages = {513-550},
   DOI = {10.1016/b978-0-444-59455-6.00015-5},
   year = {2013},
   type = {Journal Article}
}

@misc{lisher},
   year = {BS 7991:2001},
   type = {Standard}
}

@article{RN285,
   author = {Bucknall, C. B.},
   title = {Quantitative approaches to particle cavitation, shear yielding, and crazing in rubber-toughened polymers},
   journal = {Journal of Polymer Science Part B-Polymer Physics},
   volume = {45},
   number = {12},
   pages = {1399-1409},
   ISSN = {0887-6266},
   DOI = {10.1002/polb.21171},
   urXl = {<Go to ISI>://WOS:000246894400003
http://onlinelibrary.wiley.com/store/10.1002/polb.21171/asset/21171_ftp.pdf?v=1&t=hrw72klu&s=e05c7fe0310d229417aa432c7552c982d5d9400a},
   year = {2007},
   type = {Journal Article}
}

@article{RN586,
   author = {Bucknall, Clive B. and Partridge, Ivana K.},
   title = {Phase separation in epoxy resins containing polyethersulphone},
   journal = {Polymer},
   volume = {24},
   number = {5},
   pages = {639-644},
   ISSN = {0032-3861},
   DOI = {http://dx.doi.org/10.1016/0032-3861(83)90120-9},
   urXl = {http://www.sciencedirect.com/science/article/pii/0032386183901209},
   year = {1983},
   type = {Journal Article}
}

@article{RN464,
   author = {Burlayenko, V. N.  Sadowski, T. },
   title = {FE modeling of delamination growth in interlaminar fracture specimens},
   journal = {Budownictwo i Architektura},
   volume = {vol. 2, nr 1},
   pages = {95--109},
   ISSN = {1899-0665},
   year = {2008},
   type = {Journal Article}
}

@article{RN508,
   author = {Camacho, G. T. and Ortiz, M.},
   title = {Computational modelling of impact damage in brittle materials},
   journal = {International Journal of Solids and Structures},
   volume = {33},
   number = {20–22},
   pages = {2899-2938},
   ISSN = {0020-7683},
   DOI = {http://dx.doi.org/10.1016/0020-7683(95)00255-3},
   urXl = {http://www.sciencedirect.com/science/article/pii/0020768395002553
http://ac.els-cdn.com/0020768395002553/1-s2.0-0020768395002553-main.pdf?_tid=fafb6dfe-47c4-11e4-bb3d-00000aacb35f&acdnat=1411987387_344066c2f0c75d3585cbba1e52130583},
   year = {1996},
   type = {Journal Article}
}

@article{RN403,
   author = {Campilho, R. D. S. G. and Banea, M. D. and Neto, J. A. B. P. and da Silva, L. F. M.},
   title = {Modelling adhesive joints with cohesive zone models: effect of the cohesive law shape of the adhesive layer},
   journal = {International Journal of Adhesion and Adhesives},
   volume = {44},
   number = {0},
   pages = {48-56},
   ISSN = {0143-7496},
   DOI = {http://dx.doi.org/10.1016/j.ijadhadh.2013.02.006},
   urXl = {http://www.sciencedirect.com/science/article/pii/S0143749613000353
http://ac.els-cdn.com/S0143749613000353/1-s2.0-S0143749613000353-main.pdf?_tid=9f6be836-b41e-11e3-bfb1-00000aacb35e&acdnat=1395753116_d3fae43b4f164303d65de589b7a9a8e9},
   year = {2013},
   type = {Journal Article}
}

@article{RN576,
   author = {Carolan, D. and Chong, H. M. and Ivankovic, A. and Kinloch, A. J. and Taylor, A. C.},
   title = {Co-continuous polymer systems: A numerical investigation},
   journal = {Computational Materials Science},
   volume = {98},
   pages = {24-33},
   ISSN = {0927-0256},
   DOI = {http://dx.doi.org/10.1016/j.commatsci.2014.10.039},
   urXl = {http://www.sciencedirect.com/science/article/pii/S0927025614007137
http://ac.els-cdn.com/S0927025614007137/1-s2.0-S0927025614007137-main.pdf?_tid=5d66e712-50c4-11e5-a91b-00000aab0f27&acdnat=1441124181_4c33ccb1ee142c82145d210265ee76fd},
   year = {2015},
   type = {Journal Article}
}

@misc{lisher},
   year = {2010},
   type = {Standard}
}

@article{RN413,
   author = {Chen, Chenggang and Justice, Ryan S. and Schaefer, Dale W. and Baur, Jeffery W.},
   title = {Highly dispersed nanosilica–epoxy resins with enhanced mechanical properties},
   journal = {Polymer},
   volume = {49},
   number = {17},
   pages = {3805-3815},
   ISSN = {0032-3861},
   DOI = {http://dx.doi.org/10.1016/j.polymer.2008.06.023},
   urXl = {http://www.sciencedirect.com/science/article/pii/S0032386108005089
http://ac.els-cdn.com/S0032386108005089/1-s2.0-S0032386108005089-main.pdf?_tid=08bb5256-b5d5-11e3-a8a9-00000aacb35e&acdnat=1395941413_960962f148117964c6cf00e4ed4c66c1},
   year = {2008},
   type = {Journal Article}
}

@phdthesis{RN506,
   author = {Chen, Jing},
   title = {PhD thesis, Toughening Epoxy Polymers and Carbon Fibre Composites with Core-Shell Particles, Block Copolymers and Silica Nanoparticles},
   university = {Imperial College London},
   year = {2013},
   type = {Thesis}
}

@article{RN505,
   author = {Chen, J. and Kinloch, A. J. and Sprenger, S. and Taylor, A. C.},
   title = {The mechanical properties and toughening mechanisms of an epoxy polymer modified with polysiloxane-based core-shell particles},
   journal = {Polymer},
   volume = {54},
   number = {16},
   pages = {4276-4289},
   ISSN = {0032-3861},
   DOI = {http://dx.doi.org/10.1016/j.polymer.2013.06.009},
   urXl = {http://www.sciencedirect.com/science/article/pii/S0032386113005454
http://ac.els-cdn.com/S0032386113005454/1-s2.0-S0032386113005454-main.pdf?_tid=26164caa-433a-11e4-8dec-00000aab0f6c&acdnat=1411487965_c514de2fae7b84e4dad7b9ec9e3cbfa1},
   year = {2013},
   type = {Journal Article}
}

@article{RN231,
   author = {Chen, Jing and Taylor, Ambrose C.},
   title = {Epoxy modified with triblock copolymers: morphology, mechanical properties and fracture mechanisms},
   journal = {Journal of Materials Science},
   volume = {47},
   number = {11},
   pages = {4546-4560},
   ISSN = {0022-2461
1573-4803},
   DOI = {10.1007/s10853-012-6313-6},
   urXl = {http://download.springer.com/static/pdf/370/art%253A10.1007%252Fs10853-012-6313-6.pdf?originUrl=http%3A%2F%2Flink.springer.com%2Farticle%2F10.1007%2Fs10853-012-6313-6&token2=exp=1440594613~acl=%2Fstatic%2Fpdf%2F370%2Fart%25253A10.1007%25252Fs10853-012-6313-6.pdf%3ForiginUrl%3Dhttp%253A%252F%252Flink.springer.com%252Farticle%252F10.1007%252Fs10853-012-6313-6*~hmac=11011105268700cd8a97a3d899e711f01ea881d4aebe2c3d1e265c4d02b50c66},
   year = {2012},
   type = {Journal Article}
}

@article{RN538,
   author = {Cho, J. U. and Kinloch, A. and Blackman, B. and Rodriguez Sanchez, F. S. and Han, M. S.},
   title = {High-strain-rate fracture of adhesively bonded composite joints in DCB and TDCB specimens},
   journal = {International Journal of Automotive Technology},
   volume = {13},
   number = {7},
   pages = {1127-1131},
   urXl = {http://www.scopus.com/inward/record.url?eid=2-s2.0-84870923388&partnerID=40&md5=2bc783aef21e40d505923d35ab2361e7},
   year = {2012},
   type = {Journal Article}
}

@phdthesis{RN574,
   author = {Chong, Huang Ming},
   title = {PhD thesis, Toughening mechanisms of block copolymer and graphene nanoplatelet modified epoxy polymers},
   university = {Imperial College London},
   year = {2015},
   type = {Thesis}
}

@article{RN575,
   author = {Chong, H. M. and Taylor, A. C.},
   title = {The microstructure and fracture performance of styrene–butadiene–methylmethacrylate block copolymer-modified epoxy polymers},
   journal = {Journal of Materials Science},
   volume = {48},
   number = {19},
   pages = {6762-6777},
   ISSN = {0022-2461},
   DOI = {10.1007/s10853-013-7481-8},
   urXl = {http://dx.doi.org/10.1007/s10853-013-7481-8
http://download.springer.com/static/pdf/970/art%253A10.1007%252Fs10853-013-7481-8.pdf?originUrl=http%3A%2F%2Flink.springer.com%2Farticle%2F10.1007%2Fs10853-013-7481-8&token2=exp=1441125095~acl=%2Fstatic%2Fpdf%2F970%2Fart%25253A10.1007%25252Fs10853-013-7481-8.pdf%3ForiginUrl%3Dhttp%253A%252F%252Flink.springer.com%252Farticle%252F10.1007%252Fs10853-013-7481-8*~hmac=9cab08e5e363722c7d6815189fe67784a935b55d10525c003e263396b5978a21},
   year = {2013},
   type = {Journal Article}
}

@article{RN431,
   author = {Cognard, J. Y. and Bourgeois, M. and Créac'hcadec, R. and Sohier, L.},
   title = {Comparative Study of the Results of Various Experimental Tests Used for the Analysis of the Mechanical Behaviour of an Adhesive in a Bonded Joint},
   journal = {Journal of Adhesion Science and Technology},
   volume = {25},
   number = {20},
   pages = {2857-2879},
   DOI = {10.1163/016942411X569345},
   urXl = {http://www.ingentaconnect.com/content/tandf/ast/2011/00000025/00000020/art00008
http://dx.doi.org/10.1163/016942411X569345},
   year = {2011},
   type = {Journal Article}
}

@article{RN494,
   author = {Colvin, Stephen Prilliman and Prof. Vicki},
   title = {TappingModeTM - Atomic Force Microscope Manual for the Digital Instruments NanoScope® Multi-Mode AFM},
   journal = {Manual Version 1.1, August 1997},
   year = {1997},
   type = {Journal Article}
}

@book{RN370,
   author = {Cook, Robert D.},
   title = {Concepts and applications of Finite Element Analysis},
   publisher = {Wiley},
   ISBN = {978-81-265-1336-9},
   year = {2012},
   type = {Book}
}

@article{RN497,
   author = {Cooper, V. and Ivankovic, A. and Karac, A. and McAuliffe, D. and Murphy, N.},
   title = {Effects of bond gap thickness on the fracture of nano-toughened epoxy adhesive joints},
   journal = {Polymer},
   volume = {53},
   number = {24},
   pages = {5540-5553},
   ISSN = {0032-3861},
   DOI = {http://dx.doi.org/10.1016/j.polymer.2012.09.049},
   urXl = {http://www.sciencedirect.com/science/article/pii/S0032386112008178},
   year = {2012},
   type = {Journal Article}
}

@article{RN515,
   author = {Cornec, Alfred and Scheider, Ingo and Schwalbe, Karl-Heinz},
   title = {On the practical application of the cohesive model},
   journal = {Engineering Fracture Mechanics},
   volume = {70},
   number = {14},
   pages = {1963-1987},
   ISSN = {0013-7944},
   DOI = {http://dx.doi.org/10.1016/S0013-7944(03)00134-6},
   urXl = {http://www.sciencedirect.com/science/article/pii/S0013794403001346
http://ac.els-cdn.com/S0013794403001346/1-s2.0-S0013794403001346-main.pdf?_tid=4a158108-4857-11e4-af3b-00000aab0f01&acdnat=1412050227_f749eae6ecd871113e2f741595c8dc22},
   year = {2003},
   type = {Journal Article}
}

@article{RN557,
   author = {Coronado, P. and Argüelles, A. and Viña, J. and Viña, I.},
   title = {Influence of low temperatures on the phenomenon of delamination of mode I fracture in carbon-fibre/epoxy composites under fatigue loading},
   journal = {Composite Structures},
   volume = {112},
   pages = {188-193},
   ISSN = {0263-8223},
   DOI = {http://dx.doi.org/10.1016/j.compstruct.2014.02.007},
   urXl = {http://www.sciencedirect.com/science/article/pii/S0263822314000658
http://ac.els-cdn.com/S0263822314000658/1-s2.0-S0263822314000658-main.pdf?_tid=78aa085a-45a8-11e5-b4e0-00000aab0f01&acdnat=1439902738_470a4dbf8931239a16b5a868a5bc8622},
   year = {2014},
   type = {Journal Article}
}

@article{RN421,
   author = {Curley, A. J. and Hadavinia, H. and Kinloch, A. J. and Taylor, A. C.},
   title = {Predicting the service-life of adhesively-bonded joints},
   journal = {International Journal of Fracture},
   volume = {103},
   number = {1},
   pages = {41-69},
   ISSN = {0376-9429},
   DOI = {10.1023/a:1007669219149},
   urXl = {<Go to ISI>://WOS:000088936700003},
   year = {2000},
   type = {Journal Article}
}

@article{RN256,
   author = {Curley, A. J. and Jethwa, J. K. and Kinloch, A. J. and Taylor, A. C.},
   title = {The fatigue and durability behaviour of automotive adhesives. Part III: Predicting the service life},
   journal = {Journal of Adhesion},
   volume = {66},
   number = {1-4},
   pages = {39-59},
   ISSN = {0021-8464},
   DOI = {10.1080/00218469808009959},
   urXl = {<Go to ISI>://WOS:000073622300002
http://www.tandfonline.com/doi/abs/10.1080/00218469808009959
http://www.tandfonline.com/doi/pdf/10.1080/00218469808009959},
   year = {1998},
   type = {Journal Article}
}

@article{RN523,
   author = {Cusatis, Gianluca and Schauffert, Edward A.},
   title = {Cohesive crack analysis of size effect},
   journal = {Engineering Fracture Mechanics},
   volume = {76},
   number = {14},
   pages = {2163-2173},
   ISSN = {0013-7944},
   DOI = {http://dx.doi.org/10.1016/j.engfracmech.2009.06.008},
   urXl = {http://www.sciencedirect.com/science/article/pii/S0013794409001921
http://ac.els-cdn.com/S0013794409001921/1-s2.0-S0013794409001921-main.pdf?_tid=35474124-485e-11e4-8b2b-00000aacb35e&acdnat=1412053198_14839205a90e6e65f5295999ad80e962},
   year = {2009},
   type = {Journal Article}
}

@misc{lisher},
   year = {2007},
   type = {Standard}
}

@misc{lisher},
   year = {2007},
   type = {Standard}
}

@article{RN397,
   author = {da Silva, L. F. M. and das Neves, P. J. C. and Adams, R. D. and Spelt, J. K.},
   title = {Analytical models of adhesively bonded joints-Part I: Literature survey},
   journal = {International Journal of Adhesion and Adhesives},
   volume = {29},
   number = {3},
   pages = {319-330},
   ISSN = {0143-7496},
   DOI = {10.1016/j.ijadhadh.2008.06.005},
   urXl = {<Go to ISI>://WOS:000262560700014
http://ac.els-cdn.com/S0143749608000730/1-s2.0-S0143749608000730-main.pdf?_tid=5a58567c-b41d-11e3-b5a6-00000aab0f27&acdnat=1395752571_477a8911fba8a36567b6d23bc5c38bc8},
   year = {2009},
   type = {Journal Article}
}

@article{RN398,
   author = {da Silva, L. F. M. and das Neves, P. J. C. and Adams, R. D. and Wang, A. and Spelt, J. K.},
   title = {Analytical models of adhesively bonded joints-Part II: Comparative study},
   journal = {International Journal of Adhesion and Adhesives},
   volume = {29},
   number = {3},
   pages = {331-341},
   urXl = {http://www.scopus.com/inward/record.url?eid=2-s2.0-57049151296&partnerID=40&md5=e02f8d9a2f9c11dc20b36e62f00479fc},
   year = {2009},
   type = {Journal Article}
}

@article{RN456,
   author = {Daghyani, Hamid Reza and Ye, Lin and Mai, Yiu-Wing},
   title = {Mode-l Fracture Behaviour of Adhesive Joints. Part I. Relationship Between Fracture Energy and Bond Thickness},
   journal = {The Journal of Adhesion},
   volume = {53},
   number = {3-4},
   pages = {149-162},
   ISSN = {0021-8464},
   DOI = {10.1080/00218469508009935},
   urXl = {http://dx.doi.org/10.1080/00218469508009935
http://www.tandfonline.com/doi/abs/10.1080/00218469508009935},
   year = {1995},
   type = {Journal Article}
}

@article{RN455,
   author = {Daghyani, Hamid Reza and Ye, Lin and Mai, Yiu-Wing},
   title = {Mode-l Fracture Behaviour of Adhesive Joints. Part II. Stress Analysis and Constraint Parameters},
   journal = {The Journal of Adhesion},
   volume = {53},
   number = {3-4},
   pages = {163-172},
   ISSN = {0021-8464},
   DOI = {10.1080/00218469508009936},
   urXl = {http://dx.doi.org/10.1080/00218469508009936
http://www.tandfonline.com/doi/abs/10.1080/00218469508009936},
   year = {1995},
   type = {Journal Article}
}

@article{RN354,
   author = {Dasari, Aravind and Yu, Zhong-Zhen and Mai, Yiu-Wing},
   title = {Chapter 16. Wear and scratch damage in polymer nanocomposites},
   volume = {55},
   pages = {374-399},
   ISSN = {15723364},
   DOI = {10.1016/s1572-3364(08)55016-6},
   year = {2008},
   type = {Journal Article}
}

@article{RN318,
   author = {Davies, P. and Sohier, L. and Cognard, J. Y. and Bourmaud, A. and Choqueuse, D. and Rinnert, E. and Creac'hcadec, R.},
   title = {Influence of adhesive bond line thickness on joint strength},
   journal = {International Journal of Adhesion and Adhesives},
   volume = {29},
   number = {7},
   pages = {724-736},
   ISSN = {0143-7496},
   DOI = {10.1016/j.ijadhadh.2009.03.002},
   urXl = {<Go to ISI>://WOS:000268626000006
http://ac.els-cdn.com/S0143749609000402/1-s2.0-S0143749609000402-main.pdf?_tid=33b837ba-9d72-11e3-ad6f-00000aab0f02&acdnat=1393260137_d2881ad15637d4730fb1ca403bd7b549},
   year = {2009},
   type = {Journal Article}
}

@inbook{RN449,
   author = {Davies, R. J. and Kinloch, A. J.},
   title = {The Surface Characterisation and Adhesive Bonding of Aluminium},
   booktitle = {Adhesion 13},
   editor = {Allen, K. W.},
   publisher = {Springer Netherlands},
   chapter = {2},
   pages = {8-22},
   ISBN = {978-94-010-9084-1},
   DOI = {10.1007/978-94-010-9082-7_2},
   urXl = {http://dx.doi.org/10.1007/978-94-010-9082-7_2},
   year = {1989},
   type = {Book Section}
}

@article{RN362,
   author = {Davy, Pamela J. and Guild, Felicity J.},
   title = {Distribution of interparticle distance and its application in finite-element modeling of composite materials},
   journal = {Proceedings of The Royal Society of London, Series A: Mathematical and Physical Sciences},
   volume = {418},
   number = {1854},
   pages = {95-112},
   urXl = {http://www.scopus.com/inward/record.url?eid=2-s2.0-0024281565&partnerID=40&md5=47378af820b3c9107cdc9cb5d72fd367},
   year = {1988},
   type = {Journal Article}
}

@article{RN450,
   author = {de Borst, R.},
   title = {Numerical aspects of cohesive-zone models},
   journal = {Engineering Fracture Mechanics},
   volume = {70},
   number = {14},
   pages = {1743-1757},
   ISSN = {0013-7944},
   DOI = {10.1016/s0013-7944(03)00122-x},
   urXl = {<Go to ISI>://WOS:000184170700002
http://ac.els-cdn.com/S001379440300122X/1-s2.0-S001379440300122X-main.pdf?_tid=0840e142-b8e6-11e3-b1d0-00000aab0f6c&acdnat=1396278567_b9a687f8c13420d6d194c006bff4bad5},
   year = {2003},
   type = {Journal Article}
}

@article{RN517,
   author = {de Borst, René},
   title = {Numerical aspects of cohesive-zone models},
   journal = {Engineering Fracture Mechanics},
   volume = {70},
   number = {14},
   pages = {1743-1757},
   ISSN = {0013-7944},
   DOI = {http://dx.doi.org/10.1016/S0013-7944(03)00122-X},
   urXl = {http://www.sciencedirect.com/science/article/pii/S001379440300122X
http://ac.els-cdn.com/S001379440300122X/1-s2.0-S001379440300122X-main.pdf?_tid=de14032a-4857-11e4-83e0-00000aab0f6b&acdnat=1412050475_a77afed3f3933262aae9166fdb08452e},
   year = {2003},
   type = {Journal Article}
}

@article{RN379,
   author = {Dean, G. and Crocker, L. and Read, B. and Wright, L.},
   title = {Prediction of deformation and failure of rubber-toughened adhesive joints},
   journal = {International Journal of Adhesion and Adhesives},
   volume = {24},
   number = {4},
   pages = {295-306},
   ISSN = {0143-7496},
   DOI = {http://dx.doi.org/10.1016/j.ijadhadh.2003.08.002},
   urXl = {http://www.sciencedirect.com/science/article/pii/S0143749603001581
http://ac.els-cdn.com/S0143749603001581/1-s2.0-S0143749603001581-main.pdf?_tid=14787cfa-b0ed-11e3-bef9-00000aab0f01&acdnat=1395401984_2e62d15a11ee603cb70470a49f9bf6bb},
   year = {2004},
   type = {Journal Article}
}

@article{RN589,
   author = {Dekkers, M. E. J. and Heikens, D.},
   title = {Crazing and shear deformation in glass bead-filled glassy polymers},
   journal = {Journal of Materials Science},
   volume = {20},
   number = {11},
   pages = {3873-3880},
   ISSN = {1573-4803},
   DOI = {10.1007/bf00552375},
   urXl = {http://dx.doi.org/10.1007/BF00552375
http://download.springer.com/static/pdf/671/art%253A10.1007%252FBF00552375.pdf?originUrl=http%3A%2F%2Flink.springer.com%2Farticle%2F10.1007%2FBF00552375&token2=exp=1453816742~acl=%2Fstatic%2Fpdf%2F671%2Fart%25253A10.1007%25252FBF00552375.pdf%3ForiginUrl%3Dhttp%253A%252F%252Flink.springer.com%252Farticle%252F10.1007%252FBF00552375*~hmac=8044372af6479a99286e4eeeff28e941bcb1904bc1a7ee2dab70bfc52b19b37e},
   type = {Journal Article}
}

@article{RN555,
   author = {Deng, Shiqiang and Ye, Lin and Friedrich, Klaus},
   title = {Fracture behaviours of epoxy nanocomposites with nano-silica at low and elevated temperatures},
   journal = {Journal of Materials Science},
   volume = {42},
   number = {8},
   pages = {2766-2774},
   ISSN = {0022-2461},
   DOI = {10.1007/s10853-006-1420-x},
   urXl = {http://dx.doi.org/10.1007/s10853-006-1420-x
http://download.springer.com/static/pdf/627/art%253A10.1007%252Fs10853-006-1420-x.pdf?originUrl=http%3A%2F%2Flink.springer.com%2Farticle%2F10.1007%2Fs10853-006-1420-x&token2=exp=1439903231~acl=%2Fstatic%2Fpdf%2F627%2Fart%25253A10.1007%25252Fs10853-006-1420-x.pdf%3ForiginUrl%3Dhttp%253A%252F%252Flink.springer.com%252Farticle%252F10.1007%252Fs10853-006-1420-x*~hmac=ca25e937b2cce5afa80721b25b48bd891f35f9d19dfb898b17521715606b74b0},
   year = {2007},
   type = {Journal Article}
}

@article{RN255,
   author = {Dickie, R. A. and Haack, L. P. and Jethwa, J. K. and Kinloch, A. J. and Watts, J. F.},
   title = {The fatigue and durability behaviour of automotive adhesives. Part II: Failure mechanisms},
   journal = {Journal of Adhesion},
   volume = {66},
   number = {1-4},
   pages = {1-+},
   ISSN = {0021-8464},
   DOI = {10.1080/00218469808009958},
   urXl = {<Go to ISI>://WOS:000073622300001
http://www.tandfonline.com/doi/abs/10.1080/00218469808009958
http://www.tandfonline.com/doi/pdf/10.1080/00218469808009958},
   year = {1998},
   type = {Journal Article}
}

@article{RN246,
   author = {Dittanet, P. and Pearson, R. A.},
   title = {Effect of silica nanoparticle size on toughening mechanisms of filled epoxy},
   journal = {Polymer},
   volume = {53},
   number = {9},
   pages = {1890-1905},
   ISSN = {0032-3861},
   DOI = {10.1016/j.polymer.2012.02.052},
   urXl = {<Go to ISI>://WOS:000303307900012
http://ac.els-cdn.com/S0032386112001930/1-s2.0-S0032386112001930-main.pdf?_tid=aa0eb574-4863-11e3-8fdf-00000aab0f01&acdnat=1383908044_c56907b5c62c98b14ce6cd15807dc1ed},
   year = {2012},
   type = {Journal Article}
}

@article{RN347,
   author = {Dittanet, Peerapan and Pearson, Raymond A.},
   title = {Effect of silica nanoparticle size on toughening mechanisms of filled epoxy},
   journal = {Polymer},
   volume = {53},
   number = {9},
   pages = {1890-1905},
   ISSN = {00323861},
   DOI = {10.1016/j.polymer.2012.02.052},
   year = {2012},
   type = {Journal Article}
}

@article{RN239,
   author = {Dittanet, Peerapan and Pearson, Raymond A.},
   title = {Effect of bimodal particle size distributions on the toughening mechanisms in silica nanoparticle filled epoxy resin},
   journal = {Polymer},
   volume = {54},
   number = {7},
   pages = {1832-1845},
   ISSN = {00323861},
   DOI = {10.1016/j.polymer.2012.12.059},
   year = {2013},
   type = {Journal Article}
}

@article{RN350,
   author = {Dittanet, Peerapan and Pearson, Raymond A.},
   title = {Effect of bimodal particle size distributions on the toughening mechanisms in silica nanoparticle filled epoxy resin},
   journal = {Polymer},
   volume = {54},
   number = {7},
   pages = {1832-1845},
   ISSN = {00323861},
   DOI = {10.1016/j.polymer.2012.12.059},
   year = {2013},
   type = {Journal Article}
}

@article{RN316,
   author = {Dr.G.Viola},
   title = {Mechanical properties of Ceramics},
   journal = {Queen Mary, University of London },
   year = {2011},
   type = {Journal Article}
}

@article{RN378,
   author = {Duncan, Bruce and Dean, Greg},
   title = {Measurements and models for design with modern adhesives},
   journal = {International Journal of Adhesion and Adhesives},
   volume = {23},
   number = {2},
   pages = {141-149},
   ISSN = {0143-7496},
   DOI = {http://dx.doi.org/10.1016/S0143-7496(03)00006-X},
   urXl = {http://www.sciencedirect.com/science/article/pii/S014374960300006X
http://ac.els-cdn.com/S014374960300006X/1-s2.0-S014374960300006X-main.pdf?_tid=a3c3b236-b0ec-11e3-b81f-00000aab0f6c&acdnat=1395401795_2950f7ce4cef1fd6a08839045eaac4ec},
   year = {2003},
   type = {Journal Article}
}

@article{RN480,
   author = {Elices, M. and Guinea, G. V. and Gómez, J. and Planas, J.},
   title = {The cohesive zone model: advantages, limitations and challenges},
   journal = {Engineering Fracture Mechanics},
   volume = {69},
   number = {2},
   pages = {137-163},
   ISSN = {0013-7944},
   DOI = {http://dx.doi.org/10.1016/S0013-7944(01)00083-2},
   urXl = {http://www.sciencedirect.com/science/article/pii/S0013794401000832},
   year = {2002},
   type = {Journal Article}
}

@article{RN514,
   author = {Elices, M. and Guinea, G. V. and Gómez, J. and Planas, J.},
   title = {The cohesive zone model: advantages, limitations and challenges},
   journal = {Engineering Fracture Mechanics},
   volume = {69},
   number = {2},
   pages = {137-163},
   ISSN = {0013-7944},
   DOI = {http://dx.doi.org/10.1016/S0013-7944(01)00083-2},
   urXl = {http://www.sciencedirect.com/science/article/pii/S0013794401000832
http://ac.els-cdn.com/S0013794401000832/1-s2.0-S0013794401000832-main.pdf?_tid=1fd4fbc6-4857-11e4-aa85-00000aab0f26&acdnat=1412050156_5230d199a0cba4f5c89c8f05e1502dc4},
   year = {2002},
   type = {Journal Article}
}

@article{RN305,
   author = {Faber, K. T. and Evans, A. G.},
   title = {Crack deflection processes .1. Theory},
   journal = {Acta Metallurgica},
   volume = {31},
   number = {4},
   pages = {565-576},
   ISSN = {0001-6160},
   DOI = {10.1016/0001-6160(83)90046-9},
   urXl = {<Go to ISI>://WOS:A1983QJ39600012
http://ac.els-cdn.com/0001616083900469/1-s2.0-0001616083900469-main.pdf?_tid=7f52cfd8-9e3e-11e3-b657-00000aab0f02&acdnat=1393347881_f52e6c25a4094bb8dfed82f4abd426b8},
   year = {1983},
   type = {Journal Article}
}

@phdthesis{RN512,
   author = {Feito, Diego Alvarez},
   title = {PhD thesis, Fracture mechanics of carbon fibre reinforced plastic to Ti-alloy adhesive joints},
   university = {Imperial College London},
   year = {2012},
   type = {Thesis}
}

@book{RN382,
   author = {G Dean, L Crocker},
   title = {The use of finite element methods for design with adhesives},
   publisher = {Materials Centre , National Physical Laboratory},
   type = {Book}
}

@article{RN395,
   author = {García, J. A. and Chiminelli, A. and García, B. and Lizaranzu, M. and Jiménez, M. A.},
   title = {Characterization and material model definition of toughened adhesives for finite element analysis},
   journal = {International Journal of Adhesion and Adhesives},
   volume = {31},
   number = {4},
   pages = {182-192},
   ISSN = {0143-7496},
   DOI = {http://dx.doi.org/10.1016/j.ijadhadh.2010.12.006},
   urXl = {http://www.sciencedirect.com/science/article/pii/S0143749611000315
http://ac.els-cdn.com/S0143749611000315/1-s2.0-S0143749611000315-main.pdf?_tid=56af7330-b41c-11e3-8ea3-00000aacb35e&acdnat=1395752135_5cc73eaef38c0f41c25ab730e2e448ed},
   year = {2011},
   type = {Journal Article}
}

@article{RN251,
   author = {Garg, Amar C.},
   title = {Failure Prediction in Toughened Epoxy Resins},
   journal = {Composites Science and Technology (1988) 225-242},
   volume = {31},
   type = {Journal Article}
}

@article{RN260,
   author = {Garg, Amar C. and Mai, Yiu-Wing},
   title = {Failure mechanisms in toughened epoxy resins—A review},
   journal = {Composites Science and Technology},
   volume = {31},
   number = {3},
   pages = {179-223},
   ISSN = {0266-3538},
   DOI = {http://dx.doi.org/10.1016/0266-3538(88)90009-7},
   urXl = {http://www.sciencedirect.com/science/article/pii/0266353888900097},
   year = {1988},
   type = {Journal Article}
}

@phdthesis{RN469,
   author = {Georgiou, I.},
   title = {PhD thesis, The fracture of adhesively-bonded aluminium joints for automotive structures},
   university = {Imperial College London},
   year = {2003},
   type = {Thesis}
}

@article{RN546,
   author = {Georgiou, I. and Hadavinia, H. and Ivankovic, A. and Kinloch, A. J. and Tropsa, V. and Williams, J. G.},
   title = {Cohesive zone models and the plastically deforming peel test},
   journal = {Journal of Adhesion},
   volume = {79},
   number = {3},
   pages = {239-265},
   urXl = {http://www.scopus.com/inward/record.url?eid=2-s2.0-0038784976&partnerID=40&md5=9780c8140f7f4eb5d198d4974af4e0a9},
   year = {2003},
   type = {Journal Article}
}

@inbook{RN440,
   author = {Georgiou, I. and Ivankovic, A. and Kinloch, A. J. and Tropsa, V.},
   title = {Rate dependent fracture behaviour of adhesively bonded joints},
   booktitle = {Fracture of Polymers, Composites and Adhesives Ii},
   editor = {Blackman, B. R. K. and Pavan, A. and Williams, J. G.},
   series = {Esis (European Structural Integrity Society) Publication},
   volume = {32},
   pages = {317-328},
   ISBN = {1566-1369
0-08-044195-5},
   urXl = {<Go to ISI>://WOS:000189327200027},
   year = {2003},
   type = {Book Section}
}

@article{RN504,
   author = {Giannakopoulos, G. and Masania, K. and Taylor, A. C.},
   title = {Toughening of epoxy using core–shell particles},
   journal = {Journal of Materials Science},
   volume = {46},
   number = {2},
   pages = {327-338},
   ISSN = {0022-2461},
   DOI = {10.1007/s10853-010-4816-6},
   urXl = {http://dx.doi.org/10.1007/s10853-010-4816-6
http://download.springer.com/static/pdf/406/art%253A10.1007%252Fs10853-010-4816-6.pdf?auth66=1411660570_a8a78dc931cf2ae397113b2c224eb1d1&ext=.pdf},
   year = {2011},
   type = {Journal Article}
}

@article{RN529,
   author = {Giannakopoulos, G. and Masania, K. and Taylor, A. C.},
   title = {Toughening of epoxy using core–shell particles},
   journal = {Journal of Materials Science},
   volume = {46},
   number = {2},
   pages = {327-338},
   ISSN = {0022-2461},
   DOI = {10.1007/s10853-010-4816-6},
   urXl = {http://dx.doi.org/10.1007/s10853-010-4816-6},
   year = {2011},
   type = {Journal Article}
}

@article{RN520,
   author = {Gómez, F. J. and Elices, M.},
   title = {Fracture of components with V-shaped notches},
   journal = {Engineering Fracture Mechanics},
   volume = {70},
   number = {14},
   pages = {1913-1927},
   ISSN = {0013-7944},
   DOI = {http://dx.doi.org/10.1016/S0013-7944(03)00131-0},
   urXl = {http://www.sciencedirect.com/science/article/pii/S0013794403001310
http://ac.els-cdn.com/S0013794403001310/1-s2.0-S0013794403001310-main.pdf?_tid=aecae2c0-485a-11e4-89b7-00000aacb362&acdnat=1412051684_11a3fea704481e85638ad28eb8ab90b1},
   year = {2003},
   type = {Journal Article}
}

@article{RN530,
   author = {Gonzalez, E. V. and Maimi, P. and Turon, A. and Camanho, P. P. and Renart, J.},
   title = {Simulation of delamination by means of cohesive elements using an explicit finite element code},
   journal = {Cmc-Computers Materials & Continua},
   volume = {9},
   number = {1},
   pages = {51-92},
   ISSN = {1546-2218},
   urXl = {<Go to ISI>://WOS:000264788200004
http://www.tandfonline.com/doi/abs/10.1207/s15328015tlm1703_7?url_ver=Z39.88-2003&rfr_id=ori:rid:crossref.org&rfr_dat=cr_pub%3dpubmed&},
   year = {2009},
   type = {Journal Article}
}

@article{RN499,
   author = {Guild, F.J., A.J. Kinloch, and A.C. Taylor},
   title = {The Debonding of Nanoparticles in Toughened Adhesives, in 2014 Annual Meeting of the Adhesion Society, T. Long, Editor. 2014, The Adhesion Society: San Diego.},
   type = {Journal Article}
}

@article{RN532,
   author = {Guild, F. J. and Bonfield, W.},
   title = {Predictive modelling of hydroxyapatite-polyethylene composite},
   journal = {Biomaterials},
   volume = {14},
   number = {13},
   pages = {985-993},
   ISSN = {0142-9612},
   DOI = {http://dx.doi.org/10.1016/0142-9612(93)90190-D},
   urXl = {http://www.sciencedirect.com/science/article/pii/014296129390190D},
   year = {1993},
   type = {Journal Article}
}

@article{RN415,
   author = {Guild, F. J. and Kinloch, A. J.},
   title = {MODELING THE PROPERTIES OF RUBBER-MODIFIED EPOXY POLYMERS},
   journal = {Journal of Materials Science},
   volume = {30},
   number = {7},
   pages = {1689-1697},
   ISSN = {0022-2461},
   DOI = {10.1007/bf00351597},
   urXl = {<Go to ISI>://WOS:A1995QT26300007
http://download.springer.com/static/pdf/778/art%253A10.1007%252FBF00351597.pdf?auth66=1396119043_0ae3d368846ddef269d0d290dd9c2154&ext=.pdf},
   year = {1995},
   type = {Journal Article}
}

@article{RN533,
   author = {Guild, F. J. and Kinloch, A. J.},
   title = {Modelling the properties of rubber-modified epoxy polymers},
   journal = {Journal of Materials Science},
   volume = {30},
   number = {7},
   pages = {1689-1697},
   ISSN = {0022-2461},
   DOI = {10.1007/BF00351597},
   urXl = {http://dx.doi.org/10.1007/BF00351597},
   year = {1995},
   type = {Journal Article}
}

@article{RN381,
   author = {Guild, F. J. and Kinloch, A. J. and Taylor, A. C.},
   title = {Particle cavitation in rubber toughened epoxies: the role of particle size},
   journal = {Journal of Materials Science},
   volume = {45},
   number = {14},
   pages = {3882-3894},
   ISSN = {0022-2461},
   DOI = {10.1007/s10853-010-4447-y},
   urXl = {<Go to ISI>://WOS:000278029900025
http://download.springer.com/static/pdf/89/art%253A10.1007%252Fs10853-010-4447-y.pdf?auth66=1395575365_91169b4430c0119175e44f6fe66175a6&ext=.pdf},
   year = {2010},
   type = {Journal Article}
}

@article{RN367,
   author = {Guild, F. J. and Young, R. J.},
   title = {A predictive model for particulate filled composite-materials .2. Soft particles},
   journal = {Journal of Materials Science},
   volume = {24},
   number = {7},
   pages = {2454-2460},
   ISSN = {0022-2461},
   DOI = {10.1007/bf01174511},
   urXl = {<Go to ISI>://WOS:A1989AE19200028
http://download.springer.com/static/pdf/238/art%253A10.1007%252FBF01174511.pdf?auth66=1395236047_f4476c7e20075a89d9f1a85cf61a98f9&ext=.pdf},
   year = {1989},
   type = {Journal Article}
}

@article{RN368,
   author = {Guild, F. J. and Young, R. J.},
   title = {A predictive model for particulate-filled composite-materials .1. Hard particles},
   journal = {Journal of Materials Science},
   volume = {24},
   number = {1},
   pages = {298-306},
   ISSN = {0022-2461},
   DOI = {10.1007/bf00660971},
   urXl = {<Go to ISI>://WOS:A1989R925800047
http://download.springer.com/static/pdf/819/art%253A10.1007%252FBF00660971.pdf?auth66=1395236027_05382f555b16b752cf9cff07dae3dec6&ext=.pdf},
   year = {1989},
   type = {Journal Article}
}

@article{RN402,
   author = {Gustafson, Peter A. and Waas, Anthony M.},
   title = {The influence of adhesive constitutive parameters in cohesive zone finite element models of adhesively bonded joints},
   journal = {International Journal of Solids and Structures},
   volume = {46},
   number = {10},
   pages = {2201-2215},
   ISSN = {0020-7683},
   DOI = {http://dx.doi.org/10.1016/j.ijsolstr.2008.11.016},
   urXl = {http://www.sciencedirect.com/science/article/pii/S0020768308004873
http://ac.els-cdn.com/S0020768308004873/1-s2.0-S0020768308004873-main.pdf?_tid=9351b09e-b41e-11e3-b468-00000aacb360&acdnat=1395753096_20abf337efcb823fddfb663e49d2a837},
   year = {2009},
   type = {Journal Article}
}

@article{RN409,
   author = {Hadavinia, H. and Kawashita, L. and Kinloch, A. J. and Moore, D. R. and Williams, J. G.},
   title = {A numerical analysis of the elastic-plastic peel test},
   journal = {Engineering Fracture Mechanics},
   volume = {73},
   number = {16},
   pages = {2324-2335},
   ISSN = {0013-7944},
   DOI = {10.1016/j.engfracmech.2006.04.022},
   urXl = {<Go to ISI>://WOS:000240837000007
http://ac.els-cdn.com/S0013794406001627/1-s2.0-S0013794406001627-main.pdf?_tid=2ff362d0-b5af-11e3-aaf5-00000aacb35d&acdnat=1395925158_f9f929d4de97c33b4462b733f5e55ea3},
   year = {2006},
   type = {Journal Article}
}

@article{RN511,
   author = {Harper, Paul W. and Hallett, Stephen R.},
   title = {Cohesive zone length in numerical simulations of composite delamination},
   journal = {Engineering Fracture Mechanics},
   volume = {75},
   number = {16},
   pages = {4774-4792},
   ISSN = {0013-7944},
   DOI = {http://dx.doi.org/10.1016/j.engfracmech.2008.06.004},
   urXl = {http://www.sciencedirect.com/science/article/pii/S0013794408001653
http://ac.els-cdn.com/S0013794408001653/1-s2.0-S0013794408001653-main.pdf?_tid=39cb3faa-47ca-11e4-93da-00000aab0f6c&acdnat=1411989640_1048038770c5340f102546fa32486b58},
   year = {2008},
   type = {Journal Article}
}

@article{RN394,
   author = {He, Xiaocong},
   title = {A review of finite element analysis of adhesively bonded joints},
   journal = {International Journal of Adhesion and Adhesives},
   volume = {31},
   number = {4},
   pages = {248-264},
   ISSN = {0143-7496},
   DOI = {http://dx.doi.org/10.1016/j.ijadhadh.2011.01.006},
   urXl = {http://www.sciencedirect.com/science/article/pii/S0143749611000169
http://ac.els-cdn.com/S0143749611000169/1-s2.0-S0143749611000169-main.pdf?_tid=0ce350d2-b41c-11e3-b0f5-00000aacb360&acdnat=1395752012_fb1b4c7e24bc2631c514f75aeb6bd2db},
   year = {2011},
   type = {Journal Article}
}

@article{RN445,
   author = {He, Xiaocong},
   title = {A review of finite element analysis of adhesively bonded joints},
   journal = {International Journal of Adhesion and Adhesives},
   volume = {31},
   number = {4},
   pages = {248-264},
   ISSN = {0143-7496},
   DOI = {10.1016/j.ijadhadh.2011.01.006},
   urXl = {<Go to ISI>://WOS:000290189600009
http://ac.els-cdn.com/S0143749611000169/1-s2.0-S0143749611000169-main.pdf?_tid=3fe084e6-b8cc-11e3-ae0f-00000aacb35e&acdnat=1396267493_b39934a0212ff1b2c3cddd03b9d7e643},
   year = {2011},
   type = {Journal Article}
}

@article{RN582,
   author = {Hedrick, J. L. and Yilgor, I. and Jurek, M. and Hedrick, J. C. and Wilkes, G. L. and McGrath, J. E.},
   title = {Chemical modification of matrix resin networks with engineering thermoplastics: 1. Synthesis, morphology, physical behaviour and toughening mechanisms of poly(arylene ether sulphone) modified epoxy networks},
   journal = {Polymer},
   volume = {32},
   number = {11},
   pages = {2020-2032},
   ISSN = {0032-3861},
   DOI = {http://dx.doi.org/10.1016/0032-3861(91)90168-I},
   urXl = {http://www.sciencedirect.com/science/article/pii/003238619190168I},
   year = {1991},
   type = {Journal Article}
}

@article{RN292,
   author = {Ho, L. P. and Chiu, S. N.},
   title = {Testing uniformity of a spatial point pattern},
   journal = {Journal of Computational and Graphical Statistics},
   volume = {16},
   number = {2},
   pages = {378-398},
   ISSN = {1061-8600},
   DOI = {10.1198/106186007x208966},
   urXl = {<Go to ISI>://WOS:000247056300006
http://www.tandfonline.com/doi/pdf/10.1198/106186007X208966},
   year = {2007},
   type = {Journal Article}
}

@article{RN270,
   author = {Hodgkin, J. H. and Simon, G. P. and Varley, R. J.},
   title = {Thermoplastic toughening of epoxy resins: a critical review},
   journal = {Polymers for Advanced Technologies},
   volume = {9},
   number = {1},
   pages = {3-10},
   ISSN = {1042-7147},
   urXl = {<Go to ISI>://WOS:000071715900002},
   year = {1998},
   type = {Journal Article}
}

@article{RN569,
   author = {Hodgkin, J. H. ; Simon, G. P. ; Varley, R. J.},
   title = {Thermoplastic toughening of epoxy resins: a critical review},
   journal = {Polymers for Advanced Technologies, 1998, Vol.9(1), p.3-10},
   type = {Journal Article}
}

@phdthesis{RN276,
   author = {Hsieh, Tsung-Han},
   title = {PhD thesis, Properties and toughening of Silica nanoparticle-and Carbon Nanotube-modified epoxy polymers},
   university = {Imperial College London},
   year = {2011},
   type = {Thesis}
}

@article{RN279,
   author = {Hsieh, T. H. and Kinloch, A. J. and Masania, K. and Lee, J. S. and Taylor, A. C. and Sprenger, S.},
   title = {The toughness of epoxy polymers and fibre composites modified with rubber microparticles and silica nanoparticles},
   journal = {Journal of Materials Science},
   volume = {45},
   number = {5},
   pages = {1193-1210},
   ISSN = {0022-2461},
   DOI = {10.1007/s10853-009-4064-9},
   urXl = {<Go to ISI>://WOS:000273360400007
http://download.springer.com/static/pdf/980/art%253A10.1007%252Fs10853-009-4064-9.pdf?auth66=1392828610_c460a07f549670e0ab5cb30509eea18b&ext=.pdf},
   year = {2010},
   type = {Journal Article}
}

@article{RN225,
   author = {Hsieh, T. H. and Kinloch, A. J. and Masania, K. and Taylor, A. C. and Sprenger, S.},
   title = {The mechanisms and mechanics of the toughening of epoxy polymers modified with silica nanoparticles},
   journal = {Polymer},
   volume = {51},
   number = {26},
   pages = {6284-6294},
   ISSN = {00323861},
   DOI = {10.1016/j.polymer.2010.10.048},
   urXl = {http://ac.els-cdn.com/S0032386110009377/1-s2.0-S0032386110009377-main.pdf?_tid=a17ec9a2-add6-11e3-b295-00000aab0f01&acdnat=1395062489_a3e989e3b6587704efc31a85959eed11
http://ac.els-cdn.com/S0032386110009377/1-s2.0-S0032386110009377-main.pdf?_tid=734505fc-5153-11e5-92c2-00000aab0f26&acdnat=1441185636_29b05e5901e648568103ca12e8e96581},
   year = {2010},
   type = {Journal Article}
}

@article{RN359,
   author = {Huang, Y. and Kinloch, A. J.},
   title = {Modelling of the toughening mechanisms in rubber-modified epoxy polymers - Part I Finite element analysis studies},
   journal = {Journal of Materials Science},
   volume = {27},
   number = {10},
   pages = {2753-2762},
   urXl = {http://www.scopus.com/inward/record.url?eid=2-s2.0-1842860975&partnerID=40&md5=dbad6a33d1815acf8eb704b7905eb6d8},
   year = {1992},
   type = {Journal Article}
}

@article{RN360,
   author = {Huang, Y. and Kinloch, A. J.},
   title = {Modelling of the toughening mechanisms in rubber-modified epoxy polymers - Part II A quantitative description of the microstructure-fracture property relationships},
   journal = {Journal of Materials Science},
   volume = {27},
   number = {10},
   pages = {2763-2769},
   urXl = {http://www.scopus.com/inward/record.url?eid=2-s2.0-34249839653&partnerID=40&md5=a56d0f5e82805e08c7afb5ad89c0d993},
   year = {1992},
   type = {Journal Article}
}

@article{RN374,
   author = {Huang, Y. and Kinloch, A. J.},
   title = {Modelling of the toughening mechanisms in rubber-modified epoxy polymers - Part II A quantitative description of the microstructure-fracture property relationships},
   journal = {Journal of Materials Science},
   volume = {27},
   number = {10},
   pages = {2763-2769},
   urXl = {http://www.scopus.com/inward/record.url?eid=2-s2.0-34249839653&partnerID=40&md5=a56d0f5e82805e08c7afb5ad89c0d993},
   year = {1992},
   type = {Journal Article}
}

@article{RN387,
   author = {Huang, Y. and Kinloch, A. J.},
   title = {The role of plastic void growth in the fracture of rubber-toughened epoxy polymers},
   journal = {Journal of Materials Science Letters},
   volume = {11},
   number = {8},
   pages = {484-487},
   ISSN = {0261-8028},
   DOI = {10.1007/BF00731112},
   urXl = {http://dx.doi.org/10.1007/BF00731112},
   year = {1992},
   type = {Journal Article}
}

@article{RN361,
   author = {Huang, Y. and Kinloch, A. J.},
   title = {The sequence of initiation of the toughening micromechanisms in rubber-modified epoxy polymers},
   journal = {Polymer},
   volume = {33},
   number = {24},
   pages = {5338-5340},
   ISSN = {0032-3861},
   DOI = {10.1016/0032-3861(92)90823-f},
   urXl = {<Go to ISI>://WOS:A1992KE17100033
http://ac.els-cdn.com/003238619290823F/1-s2.0-003238619290823F-main.pdf?_tid=ad0a1f34-a53d-11e3-85da-00000aab0f02&acdnat=1394117186_7cb6ab6f186b7bb82ab3cf556741a70c},
   year = {1992},
   type = {Journal Article}
}

@article{RN386,
   author = {Huang, Y. and Kinloch, A. J.},
   title = {The sequence of initiation of the toughening micromechanisms in rubber-modified epoxy polymers},
   journal = {Polymer},
   volume = {33},
   number = {24},
   pages = {5338-5340},
   ISSN = {0032-3861},
   DOI = {http://dx.doi.org/10.1016/0032-3861(92)90823-F},
   urXl = {http://www.sciencedirect.com/science/article/pii/003238619290823F
http://ac.els-cdn.com/003238619290823F/1-s2.0-003238619290823F-main.pdf?_tid=848ac17a-b34e-11e3-8e82-00000aacb35f&acdnat=1395663736_5f7e9426fe8b3ecf7bcc4a1c26444cf4},
   year = {1992},
   type = {Journal Article}
}

@article{RN560,
   author = {Huang, Y. and Kinloch, A. J.},
   title = {The Use of Time-Temperature Superpositioning in Studying the Fracture Properties of Rubber-Toughened Epoxy Polymers},
   journal = {The Journal of Adhesion},
   volume = {41},
   number = {1-4},
   pages = {5-22},
   ISSN = {0021-8464},
   DOI = {10.1080/00218469308026551},
   urXl = {http://dx.doi.org/10.1080/00218469308026551
http://www.tandfonline.com/doi/abs/10.1080/00218469308026551},
   year = {1993},
   type = {Journal Article}
}

@phdthesis{RN563,
   author = {Huang, Ying-Chieh},
   title = {The effect of blend morphology on fracture toughness of rubber-modified epoxies},
   university = {Lehigh University},
   year = {1996},
   type = {Thesis}
}

@article{RN247,
   author = {Imanaka, M. and Takeuchi, Y. and Nakamura, Y. and Nishimura, A. and Iida, T.},
   title = {Fracture toughness of spherical silica-filled epoxy adhesives},
   journal = {International Journal of Adhesion and Adhesives},
   volume = {21},
   number = {5},
   pages = {389-396},
   ISSN = {0143-7496},
   DOI = {10.1016/s0143-7496(01)00016-1},
   urXl = {<Go to ISI>://WOS:000171260200004
http://ac.els-cdn.com/S0143749601000161/1-s2.0-S0143749601000161-main.pdf?_tid=1aec0bf8-4868-11e3-ab03-00000aacb35d&acdnat=1383909951_b292ae7a4076c2ea6e5184d823703128},
   year = {2001},
   type = {Journal Article}
}

@misc{lisher},
   year = {15 June 2000},
   type = {Standard}
}

@article{RN493,
   author = {ISO, BS EN},
   title = {BS EN ISO 527-1:2012, Plastics. Determination of tensile properties. General principles},
   type = {Journal Article}
}

@article{RN257,
   author = {Jethwa, J. K. and Kinloch, A. J.},
   title = {The fatigue and durability behaviour of automotive adhesives. Part I: Fracture mechanics tests},
   journal = {Journal of Adhesion},
   volume = {61},
   number = {1-4},
   pages = {71-95},
   ISSN = {0021-8464},
   DOI = {10.1080/00218469708010517},
   urXl = {<Go to ISI>://WOS:000072204400005
http://www.tandfonline.com/doi/abs/10.1080/00218469708010517
http://www.tandfonline.com/doi/pdf/10.1080/00218469708010517},
   year = {1997},
   type = {Journal Article}
}

@article{RN436,
   author = {Jhin, G. and Azari, S. and Ameli, A. and Datla, N. V. and Papini, M. and Spelt, J. K.},
   title = {Crack growth rate and crack path in adhesively bonded joints: Comparison of creep, fatigue and fracture},
   journal = {International Journal of Adhesion and Adhesives},
   volume = {46},
   number = {0},
   pages = {74-84},
   ISSN = {0143-7496},
   DOI = {http://dx.doi.org/10.1016/j.ijadhadh.2013.05.009},
   urXl = {http://www.sciencedirect.com/science/article/pii/S0143749613000961
http://ac.els-cdn.com/S0143749613000961/1-s2.0-S0143749613000961-main.pdf?_tid=e45bc202-b6a0-11e3-a07c-00000aab0f27&acdnat=1396028969_d126d250c87197f0d9dd98cbca5dac1e},
   year = {2013},
   type = {Journal Article}
}

@article{RN519,
   author = {Jin, Z. H. and Sun, C. T.},
   title = {A comparison of cohesive zone modeling and classical fracture mechanics based on near tip stress field},
   journal = {International Journal of Solids and Structures},
   volume = {43},
   number = {5},
   pages = {1047-1060},
   ISSN = {0020-7683},
   DOI = {http://dx.doi.org/10.1016/j.ijsolstr.2005.06.074},
   urXl = {http://www.sciencedirect.com/science/article/pii/S0020768305003847
http://ac.els-cdn.com/S0020768305003847/1-s2.0-S0020768305003847-main.pdf?_tid=ca41a206-4859-11e4-a123-00000aacb35f&acdnat=1412051301_bc7a90997de519a34b04c2f87b997fab},
   year = {2006},
   type = {Journal Article}
}

@article{RN503,
   author = {Johnsen, B. B. and Kinloch, A. J. and Mohammed, R. D. and Taylor, A. C. and Sprenger, S.},
   title = {Toughening mechanisms of nanoparticle-modified epoxy polymers},
   journal = {Polymer},
   volume = {48},
   number = {2},
   pages = {530-541},
   ISSN = {0032-3861},
   DOI = {http://dx.doi.org/10.1016/j.polymer.2006.11.038},
   urXl = {http://www.sciencedirect.com/science/article/pii/S0032386106012882
http://ac.els-cdn.com/S0032386106012882/1-s2.0-S0032386106012882-main.pdf?_tid=7994b698-3e65-11e4-81f1-00000aacb35f&acdnat=1410956808_4780145cc5098659ac3f76f85d6903de},
   year = {2007},
   type = {Journal Article}
}

@article{RN309,
   author = {Johnsen, B. B. and Kinloch, A. J. and Taylor, A. C.},
   title = {Toughness of syndiotactic polystyrene/epoxy polymer blends: microstructure and toughening mechanisms},
   journal = {Polymer},
   volume = {46},
   number = {18},
   pages = {7352-7369},
   ISSN = {0032-3861},
   DOI = {10.1016/j.polymer.2005.05.151},
   urXl = {<Go to ISI>://WOS:000231397200062
http://ac.els-cdn.com/S0032386105007585/1-s2.0-S0032386105007585-main.pdf?_tid=92d4d4be-add6-11e3-8e49-00000aacb360&acdnat=1395062465_cc0f61b78146f18a05ac0dbc61d7eec2},
   year = {2005},
   type = {Journal Article}
}

@article{RN266,
   author = {Karac, A. and Blackman, B. R. K. and Cooper, V. and Kinloch, A. J. and Sanchez, S. R. and Teo, W. S. and Ivankovic, A.},
   title = {Modelling the fracture behaviour of adhesively-bonded joints as a function of test rate},
   journal = {Engineering Fracture Mechanics},
   volume = {78},
   number = {6},
   pages = {973-989},
   ISSN = {0013-7944},
   DOI = {10.1016/j.engfracmech.2010.11.014},
   urXl = {<Go to ISI>://WOS:000290010200009
http://ac.els-cdn.com/S0013794410004893/1-s2.0-S0013794410004893-main.pdf?_tid=50ee3cb0-5c33-11e3-b28e-00000aab0f6c&acdnat=1386086302_4e2d83d93e78213d62f58b95e780907f
http://ac.els-cdn.com/S0013794410004893/1-s2.0-S0013794410004893-main.pdf?_tid=9c2aea44-add6-11e3-bc05-00000aacb361&acdnat=1395062480_1ebcc385c825c7008abd8f11a81d4496},
   year = {2011},
   type = {Journal Article}
}

@article{RN365,
   author = {Kawaguchi, T. and Pearson, R. A.},
   title = {The effect of particle-matrix adhesion on the mechanical behavior of glass filled epoxies. Part 2. A study on fracture toughness},
   journal = {Polymer},
   volume = {44},
   number = {15},
   pages = {4239-4247},
   ISSN = {0032-3861},
   DOI = {10.1016/s0032-3861(03)00372-0},
   urXl = {<Go to ISI>://WOS:000183846100021
http://ac.els-cdn.com/S0032386103003720/1-s2.0-S0032386103003720-main.pdf?_tid=56d27d04-a5f2-11e3-ae3e-00000aacb361&acdnat=1394194780_c04693b90a0f591058b65c0ed263e233},
   year = {2003},
   type = {Journal Article}
}

@article{RN364,
   author = {Kawaguchi, T. and Pearson, R. A.},
   title = {The effect of particle-matrix adhesion on the mechanical behavior of glass filled epoxies: Part 1. A study on yield behavior and cohesive strength},
   journal = {Polymer},
   volume = {44},
   number = {15},
   pages = {4229-4238},
   ISSN = {0032-3861},
   DOI = {10.1016/s0032-3861(03)00371-9},
   urXl = {<Go to ISI>://WOS:000183846100020
http://ac.els-cdn.com/S0032386103003719/1-s2.0-S0032386103003719-main.pdf?_tid=544fbe52-a5f2-11e3-a410-00000aab0f26&acdnat=1394194776_6655aa27fca56b539155940107d10703},
   year = {2003},
   type = {Journal Article}
}

@article{RN437,
   author = {Kaynak, C. and Sipahi-Saglam, E. and Akovali, G.},
   title = {A fractographic study on toughening of epoxy resin using ground tyre rubber},
   journal = {Polymer},
   volume = {42},
   number = {9},
   pages = {4393-4399},
   ISSN = {0032-3861},
   DOI = {10.1016/s0032-3861(00)00734-5},
   urXl = {<Go to ISI>://WOS:000167050400048
http://ac.els-cdn.com/S0032386100007345/1-s2.0-S0032386100007345-main.pdf?_tid=7a3074e2-b6a3-11e3-b829-00000aacb35e&acdnat=1396030079_a9e1186a42c7cc0132958b1dc3c47f60},
   year = {2001},
   type = {Journal Article}
}

@article{RN227,
   author = {Khan, Shafi Ullah and Pothnis, Jayaram R. and Kim, Jang-Kyo},
   title = {Effects of carbon nanotube alignment on electrical and mechanical properties of epoxy nanocomposites},
   journal = {Composites Part A: Applied Science and Manufacturing},
   volume = {49},
   pages = {26-34},
   ISSN = {1359835X},
   DOI = {10.1016/j.compositesa.2013.01.015},
   year = {2013},
   type = {Journal Article}
}

@article{RN339,
   author = {Khan, Shafi Ullah and Pothnis, Jayaram R. and Kim, Jang-Kyo},
   title = {Effects of carbon nanotube alignment on electrical and mechanical properties of epoxy nanocomposites},
   journal = {Composites Part A: Applied Science and Manufacturing},
   volume = {49},
   pages = {26-34},
   ISSN = {1359835X},
   DOI = {10.1016/j.compositesa.2013.01.015},
   year = {2013},
   type = {Journal Article}
}

@article{RN293,
   author = {Khare, H. S. and Burris, D. L.},
   title = {A quantitative method for measuring nanocomposite dispersion},
   journal = {Polymer},
   volume = {51},
   number = {3},
   pages = {719-729},
   ISSN = {0032-3861},
   DOI = {10.1016/j.polymer.2009.12.031},
   urXl = {<Go to ISI>://WOS:000274281200017
http://ac.els-cdn.com/S0032386109011124/1-s2.0-S0032386109011124-main.pdf?_tid=68a6070e-9bfb-11e3-9f57-00000aab0f6c&acdnat=1393099164_6301e08254cb725b4eb871d45514cd74},
   year = {2010},
   type = {Journal Article}
}

@article{RN391,
   author = {Khoramishad, H. and Crocombe, A. D. and Katnam, K. B. and Ashcroft, I. A.},
   title = {Predicting fatigue damage in adhesively bonded joints using a cohesive zone model},
   journal = {International Journal of Fatigue},
   volume = {32},
   number = {7},
   pages = {1146-1158},
   ISSN = {0142-1123},
   DOI = {http://dx.doi.org/10.1016/j.ijfatigue.2009.12.013},
   urXl = {http://www.sciencedirect.com/science/article/pii/S0142112309003648
http://ac.els-cdn.com/S0142112309003648/1-s2.0-S0142112309003648-main.pdf?_tid=b97a57c4-b41b-11e3-b468-00000aacb360&acdnat=1395751872_d6c63871731118e6a5134dc4f978cba8},
   year = {2010},
   type = {Journal Article}
}

@article{RN401,
   author = {Khoramishad, H. and Crocombe, A. D. and Katnam, K. B. and Ashcroft, I. A.},
   title = {Predicting fatigue damage in adhesively bonded joints using a cohesive zone model},
   journal = {International Journal of Fatigue},
   volume = {32},
   number = {7},
   pages = {1146-1158},
   ISSN = {0142-1123},
   DOI = {http://dx.doi.org/10.1016/j.ijfatigue.2009.12.013},
   urXl = {http://www.sciencedirect.com/science/article/pii/S0142112309003648
http://ac.els-cdn.com/S0142112309003648/1-s2.0-S0142112309003648-main.pdf?_tid=9689d714-b41e-11e3-9739-00000aab0f27&acdnat=1395753101_5f42d8eec742a4fc3da750907e0439cd},
   year = {2010},
   type = {Journal Article}
}

@article{RN393,
   author = {Khoramishad, H. and Crocombe, A. D. and Katnam, K. B. and Ashcroft, I. A.},
   title = {Fatigue damage modelling of adhesively bonded joints under variable amplitude loading using a cohesive zone model},
   journal = {Engineering Fracture Mechanics},
   volume = {78},
   number = {18},
   pages = {3212-3225},
   ISSN = {0013-7944},
   DOI = {http://dx.doi.org/10.1016/j.engfracmech.2011.09.008},
   urXl = {http://www.sciencedirect.com/science/article/pii/S0013794411003547
http://ac.els-cdn.com/S0013794411003547/1-s2.0-S0013794411003547-main.pdf?_tid=e74e2dc4-b41b-11e3-97cd-00000aab0f01&acdnat=1395751949_eaf09377f03518e4b11be840f1d85624},
   year = {2011},
   type = {Journal Article}
}

@article{RN376,
   author = {Kim, W. N. and Park, C. E. and Burns, C. M.},
   title = {Thermal-behavior and morphology of rubber-modified epoxies},
   journal = {Journal of Applied Polymer Science},
   volume = {50},
   number = {11},
   pages = {1951-1957},
   ISSN = {0021-8995},
   DOI = {10.1002/app.1993.070501112},
   urXl = {<Go to ISI>://WOS:A1993MH33400012},
   year = {1993},
   type = {Journal Article}
}

@article{RN453,
   author = {Kin Loch, A. J. and Shaw, S. J.},
   title = {The Fracture Resistance of a Toughened Epoxy Adhesive},
   journal = {The Journal of Adhesion},
   volume = {12},
   number = {1},
   pages = {59-77},
   ISSN = {0021-8464},
   DOI = {10.1080/00218468108071189},
   urXl = {http://www.tandfonline.com/doi/abs/10.1080/00218468108071189},
   year = {1981},
   type = {Journal Article}
}

@article{RN442,
   author = {Kinloch, A. J.},
   title = {Interfacial Fracture Mechanical Aspects of Adhesive Bonded Joints—A Review},
   journal = {The Journal of Adhesion},
   volume = {10},
   number = {3},
   pages = {193-219},
   ISSN = {0021-8464},
   DOI = {10.1080/00218467908544625},
   urXl = {http://dx.doi.org/10.1080/00218467908544625},
   year = {1979},
   type = {Journal Article}
}

@article{RN443,
   author = {Kinloch, A. J.},
   title = {The science of adhesion},
   journal = {Journal of Materials Science},
   volume = {17},
   number = {3},
   pages = {617-651},
   ISSN = {0022-2461},
   DOI = {10.1007/BF00540361},
   urXl = {http://dx.doi.org/10.1007/BF00540361
http://download.springer.com/static/pdf/809/art%253A10.1007%252FBF00540361.pdf?auth66=1396439349_d028460451180fcc2f216073d4c27534&ext=.pdf},
   year = {1982},
   type = {Journal Article}
}

@book{RN252,
   author = {Kinloch, Anthony J.},
   title = {Adhesion and Adhesives Science and Technology},
   publisher = {Chapman and Hall},
   address = {London},
   ISBN = {041227440X},
   year = {1990},
   type = {Book}
}

@article{RN274,
   author = {Kinloch, A. J.},
   title = {Adhesives in engineering},
   journal = {Proceedings of the Institution of Mechanical Engineers Part G-Journal of Aerospace Engineering},
   volume = {211},
   number = {G5},
   pages = {307-335},
   ISSN = {0954-4100},
   DOI = {10.1243/0954410971532703},
   urXl = {<Go to ISI>://WOS:000071516600003
http://pig.sagepub.com/content/211/5/307.full.pdf},
   year = {1997},
   type = {Journal Article}
}

@inproceedings{RN539,
   author = {Kinloch, A. J. and Blackman, B. R. K. and Teo, W. S.},
   title = {The adhesive bonding of polymeric matrix composites},
   booktitle = {ICCM International Conferences on Composite Materials},
   urXl = {http://www.scopus.com/inward/record.url?eid=2-s2.0-80052040575&partnerID=40&md5=dc494305be5caec4496dc4c829fd43fd},
   type = {Conference Proceedings}
}

@article{RN371,
   author = {Kinloch, A. J. and Lee, J. H. and Taylor, A. C. and Sprenger, S. and Eger, C. and Egan, D.},
   title = {Toughening structural adhesives via nano- and micro-phase inclusions},
   journal = {Journal of Adhesion},
   volume = {79},
   number = {8-9},
   pages = {867-873},
   ISSN = {0021-8464},
   DOI = {10.1080/00218460390242234},
   urXl = {<Go to ISI>://WOS:000185185400007},
   year = {2003},
   type = {Journal Article}
}

@article{RN363,
   author = {Kinloch, A. J. and Maxwell, D. and Young, R. J.},
   title = {Micromechanisms of crack-propagation in hybrid-particulate composites},
   journal = {Journal of Materials Science Letters},
   volume = {4},
   number = {10},
   pages = {1276-1279},
   ISSN = {0261-8028},
   DOI = {10.1007/bf00723480},
   urXl = {<Go to ISI>://WOS:A1985ASQ9200027
http://download.springer.com/static/pdf/154/art%253A10.1007%252FBF00723480.pdf?auth66=1394365986_0de19d1817c83a1dc709585854f960e0&ext=.pdf},
   year = {1985},
   type = {Journal Article}
}

@article{RN427,
   author = {Kinloch, A. J. and Osiyemi, S. O.},
   title = {Predicting the fatigue life of adhesively-bonded joints},
   journal = {Journal of Adhesion},
   volume = {43},
   number = {1-2},
   pages = {79-90},
   ISSN = {0021-8464},
   DOI = {10.1080/00218469308026589},
   urXl = {<Go to ISI>://WOS:A1993NE07500006
http://www.tandfonline.com/doi/abs/10.1080/00218469308026589},
   year = {1993},
   type = {Journal Article}
}

@article{RN457,
   author = {Kinloch, A. J. and Padmalatha, K. and Taylor, A. C. and Jagannathan, N. and Manjunatha, C. M.},
   title = {The fatigue and fracture behavior of micron-rubber and nano-silica particles modified epoxy polymer},
   journal = {International Journal of Nanoscience},
   volume = {11},
   number = {03},
   pages = {1240002},
   DOI = {doi:10.1142/S0219581X12400029},
   urXl = {http://www.worldscientific.com/doi/abs/10.1142/S0219581X12400029},
   year = {2012},
   type = {Journal Article}
}

@article{RN418,
   author = {Kinloch, A. J. and Shaw, S. J.},
   title = {The fracture-resistance of a toughened epoxy adhesive},
   journal = {Journal of Adhesion},
   volume = {12},
   number = {1},
   pages = {59-77},
   ISSN = {0021-8464},
   urXl = {<Go to ISI>://WOS:A1981LS93100007},
   year = {1981},
   type = {Journal Article}
}

@article{RN262,
   author = {Kinloch, A. J. and Shaw, S. J. and Hunston, D. L.},
   title = {Deformation and fracture behaviour of a rubber-toughened epoxy: 2. Failure criteria},
   journal = {Polymer},
   volume = {24},
   number = {10},
   pages = {1355-1363},
   ISSN = {0032-3861},
   DOI = {http://dx.doi.org/10.1016/0032-3861(83)90071-X},
   urXl = {http://www.sciencedirect.com/science/article/pii/003238618390071X
http://ac.els-cdn.com/003238618390071X/1-s2.0-003238618390071X-main.pdf?_tid=97c3910e-add6-11e3-8a3b-00000aacb35e&acdnat=1395062473_649051a4a146cf0d1fd6785fffb42c90},
   year = {1983},
   type = {Journal Article}
}

@article{RN263,
   author = {Kinloch, A. J. and Shaw, S. J. and Tod, D. A. and Hunston, D. L.},
   title = {Deformation and fracture behaviour of a rubber-toughened epoxy: 1. Microstructure and fracture studies},
   journal = {Polymer},
   volume = {24},
   number = {10},
   pages = {1341-1354},
   ISSN = {0032-3861},
   DOI = {http://dx.doi.org/10.1016/0032-3861(83)90070-8},
   urXl = {http://www.sciencedirect.com/science/article/pii/0032386183900708
http://ac.els-cdn.com/0032386183900708/1-s2.0-0032386183900708-main.pdf?_tid=a3e8cc60-add6-11e3-b5b9-00000aab0f6b&acdnat=1395062493_f9a1ff1d27f4e2efcb53ad2024e37661},
   year = {1983},
   type = {Journal Article}
}

@article{RN294,
   author = {Kinloch, A. J. and Taylor, A. C.},
   title = {The mechanical properties and fracture behaviour of epoxy-inorganic micro- and nano-composites},
   journal = {Journal of Materials Science},
   volume = {41},
   number = {11},
   pages = {3271-3297},
   ISSN = {0022-2461},
   DOI = {10.1007/s10853-005-5472-0},
   urXl = {<Go to ISI>://WOS:000238777900008
http://download.springer.com/static/pdf/329/art%253A10.1007%252Fs10853-005-5472-0.pdf?auth66=1393271961_06a955fcda6c575bf72d95ec5cd61e4a&ext=.pdf},
   year = {2006},
   type = {Journal Article}
}

@article{RN281,
   author = {Kinloch, A. J. and Yuen, M. L. and Jenkins, S. D.},
   title = {Thermoplastic-toughened epoxy polymers},
   journal = {Journal of Materials Science},
   volume = {29},
   number = {14},
   pages = {3781-3790},
   ISSN = {0022-2461},
   DOI = {10.1007/bf00357349},
   urXl = {<Go to ISI>://WOS:A1994NZ99900028
http://download.springer.com/static/pdf/107/art%253A10.1007%252FBF00357349.pdf?auth66=1392897109_5fc2417fc713d57ab77b3980ae8db4cc&ext=.pdf},
   year = {1994},
   type = {Journal Article}
}

@article{RN567,
   author = {Kinloch, A. J. and Yuen, M. L. and Jenkins, S. D.},
   title = {Thermoplastic-toughened epoxy polymers},
   journal = {Journal of Materials Science},
   volume = {29},
   number = {14},
   pages = {3781-3790},
   ISSN = {0022-2461},
   DOI = {10.1007/BF00357349},
   urXl = {http://dx.doi.org/10.1007/BF00357349},
   year = {1994},
   type = {Journal Article}
}

@article{RN587,
   author = {Kinloch, A. J. and Yuen, M. L. and Jenkins, S. D.},
   title = {Thermoplastic-toughened epoxy polymers},
   journal = {Journal of Materials Science},
   volume = {29},
   number = {14},
   pages = {3781-3790},
   ISSN = {0022-2461},
   DOI = {10.1007/BF00357349},
   urXl = {http://dx.doi.org/10.1007/BF00357349
http://download.springer.com/static/pdf/107/art%253A10.1007%252FBF00357349.pdf?originUrl=http%3A%2F%2Flink.springer.com%2Farticle%2F10.1007%2FBF00357349&token2=exp=1442410921~acl=%2Fstatic%2Fpdf%2F107%2Fart%25253A10.1007%25252FBF00357349.pdf%3ForiginUrl%3Dhttp%253A%252F%252Flink.springer.com%252Farticle%252F10.1007%252FBF00357349*~hmac=81168211542f4b8b73f870d240964b9f304d7c88da340b0b20a1e247ea23df61},
   year = {1994},
   type = {Journal Article}
}

@article{RN238,
   author = {Kovacs, Josef Z. and Andresen, Kjer and Pauls, Jan Roman and Garcia, Claudia Pardo and Schossig, Michael and Schulte, Karl and Bauhofer, Wolfgang},
   title = {Analyzing the quality of carbon nanotube dispersions in polymers using scanning electron microscopy},
   journal = {Carbon},
   volume = {45},
   number = {6},
   pages = {1279-1288},
   ISSN = {00086223},
   DOI = {10.1016/j.carbon.2007.01.012},
   year = {2007},
   type = {Journal Article}
}

@article{RN351,
   author = {Kovacs, Josef Z. and Andresen, Kjer and Pauls, Jan Roman and Garcia, Claudia Pardo and Schossig, Michael and Schulte, Karl and Bauhofer, Wolfgang},
   title = {Analyzing the quality of carbon nanotube dispersions in polymers using scanning electron microscopy},
   journal = {Carbon},
   volume = {45},
   number = {6},
   pages = {1279-1288},
   ISSN = {00086223},
   DOI = {10.1016/j.carbon.2007.01.012},
   year = {2007},
   type = {Journal Article}
}

@article{RN390,
   author = {Krueger, Ronald},
   title = {Virtual crack closure technique: History, approach, and applications},
   journal = {Applied Mechanics Reviews},
   volume = {57},
   number = {2},
   pages = {109-143},
   ISSN = {0003-6900},
   DOI = {10.1115/1.1595677},
   urXl = {http://dx.doi.org/10.1115/1.1595677},
   year = {2004},
   type = {Journal Article}
}

@article{RN372,
   author = {Kunz-Douglass, S. and Beaumont, P. W. R. and Ashby, M. F.},
   title = {A model for the toughness of epoxy-rubber particulate composites},
   journal = {Journal of Materials Science},
   volume = {15},
   number = {5},
   pages = {1109-1123},
   ISSN = {0022-2461},
   DOI = {10.1007/BF00551799},
   urXl = {http://dx.doi.org/10.1007/BF00551799
http://download.springer.com/static/pdf/552/art%253A10.1007%252FBF00551799.pdf?auth66=1395505038_d2daa86820c359f5abea0c2f5fa50bc8&ext=.pdf},
   year = {1980},
   type = {Journal Article}
}

@phdthesis{RN277,
   author = {Lee, Jin Ho},
   title = {PhD thesis, The fracture behaviour of nano-particle toughened epoxy adhesives},
   university = {Imperial College London},
   year = {2006},
   type = {Thesis}
}

@article{RN410,
   author = {Lee, M. J. and Lim, J. M. and Lee, B. C.},
   title = {Finite Element Analysis of an Adhesive Joint Using the Cohesive Zone Model and Surface Pattern Design of Bonding Surfaces},
   journal = {Journal of Adhesion},
   volume = {89},
   number = {3},
   pages = {205-224},
   ISSN = {0021-8464},
   DOI = {10.1080/00218464.2013.739042},
   urXl = {<Go to ISI>://WOS:000312583400004
http://www.tandfonline.com/doi/pdf/10.1080/00218464.2013.739042},
   year = {2013},
   type = {Journal Article}
}

@article{RN405,
   author = {Leski, Andrzej},
   title = {Implementation of the virtual crack closure technique in engineering FE calculations},
   journal = {Finite Elements in Analysis and Design},
   volume = {43},
   number = {3},
   pages = {261-268},
   ISSN = {0168-874X},
   DOI = {http://dx.doi.org/10.1016/j.finel.2006.10.004},
   urXl = {http://www.sciencedirect.com/science/article/pii/S0168874X06001648
http://ac.els-cdn.com/S0168874X06001648/1-s2.0-S0168874X06001648-main.pdf?_tid=38aeaeb0-b425-11e3-977e-00000aab0f6b&acdnat=1395755951_63065a08690967b2acff2ec607ad2f4b},
   year = {2007},
   type = {Journal Article}
}

@article{RN483,
   author = {Li, H. and Chandra, N.},
   title = {Analysis of crack growth and crack-tip plasticity in ductile materials using cohesive zone models},
   journal = {International Journal of Plasticity},
   volume = {19},
   number = {6},
   pages = {849-882},
   ISSN = {0749-6419},
   DOI = {http://dx.doi.org/10.1016/S0749-6419(02)00008-6},
   urXl = {http://www.sciencedirect.com/science/article/pii/S0749641902000086},
   year = {2003},
   type = {Journal Article}
}

@article{RN550,
   author = {Li, H. and Chandra, N.},
   title = {Analysis of crack growth and crack-tip plasticity in ductile materials using cohesive zone models},
   journal = {International Journal of Plasticity},
   volume = {19},
   number = {6},
   pages = {849-882},
   ISSN = {0749-6419},
   DOI = {http://dx.doi.org/10.1016/S0749-6419(02)00008-6},
   urXl = {http://www.sciencedirect.com/science/article/pii/S0749641902000086
http://ac.els-cdn.com/S0749641902000086/1-s2.0-S0749641902000086-main.pdf?_tid=abcaf05c-883c-11e4-96e5-00000aacb35e&acdnat=1419075669_d642b848a7ca5eb07995ecb7abc47ccb},
   year = {2003},
   type = {Journal Article}
}

@article{RN518,
   author = {Li, S. and Thouless, M. D. and Waas, A. M. and Schroeder, J. A. and Zavattieri, P. D.},
   title = {Use of a cohesive-zone model to analyze the fracture of a fiber-reinforced polymer–matrix composite},
   journal = {Composites Science and Technology},
   volume = {65},
   number = {3–4},
   pages = {537-549},
   ISSN = {0266-3538},
   DOI = {http://dx.doi.org/10.1016/j.compscitech.2004.08.004},
   urXl = {http://www.sciencedirect.com/science/article/pii/S0266353804002015
http://ac.els-cdn.com/S0266353804002015/1-s2.0-S0266353804002015-main.pdf?_tid=5d66b806-4859-11e4-9e10-00000aacb35f&acdnat=1412051118_d1f2434a8ffaee3a2ac600d0e93658f1},
   year = {2005},
   type = {Journal Article}
}

@article{RN489,
   author = {Liang, Y. L. and Pearson, R. A.},
   title = {The toughening mechanism in hybrid epoxy-silica-rubber nanocomposites (HESRNs)},
   journal = {Polymer},
   volume = {51},
   number = {21},
   pages = {4880-4890},
   ISSN = {0032-3861},
   DOI = {10.1016/j.polymer.2010.08.052},
   urXl = {<Go to ISI>://WOS:000282354500027
http://ac.els-cdn.com/S0032386110007536/1-s2.0-S0032386110007536-main.pdf?_tid=627d609e-e664-11e3-b48e-00000aacb35d&acdnat=1401280637_8918b05936a24a6a9f7afa73da31fed9},
   year = {2010},
   type = {Journal Article}
}

@article{RN224,
   author = {Liu, Hong-Yuan and Wang, Gong-Tao and Mai, Yiu-Wing and Zeng, Ying},
   title = {On fracture toughness of nano-particle modified epoxy},
   journal = {Composites Part B: Engineering},
   volume = {42},
   number = {8},
   pages = {2170-2175},
   ISSN = {13598368},
   DOI = {10.1016/j.compositesb.2011.05.014},
   urXl = {http://ac.els-cdn.com/S1359836811002320/1-s2.0-S1359836811002320-main.pdf?_tid=a3502196-b9ab-11e3-b680-00000aacb360&acdnat=1396363438_9a531ab1c45134cabfabe695c0cf5a94},
   year = {2011},
   type = {Journal Article}
}

@article{RN336,
   author = {Liu, Hong-Yuan and Wang, Gong-Tao and Mai, Yiu-Wing and Zeng, Ying},
   title = {On fracture toughness of nano-particle modified epoxy},
   journal = {Composites Part B: Engineering},
   volume = {42},
   number = {8},
   pages = {2170-2175},
   ISSN = {13598368},
   DOI = {10.1016/j.compositesb.2011.05.014},
   year = {2011},
   type = {Journal Article}
}

@article{RN433,
   author = {Liu, Hong-Yuan and Wang, Gong-Tao and Mai, Yiu-Wing and Zeng, Ying},
   title = {On fracture toughness of nano-particle modified epoxy},
   journal = {Composites Part B: Engineering},
   volume = {42},
   number = {8},
   pages = {2170-2175},
   ISSN = {1359-8368},
   DOI = {http://dx.doi.org/10.1016/j.compositesb.2011.05.014},
   urXl = {http://www.sciencedirect.com/science/article/pii/S1359836811002320},
   year = {2011},
   type = {Journal Article}
}

@article{RN522,
   author = {Lorentz, E.},
   title = {A mixed interface finite element for cohesive zone models},
   journal = {Computer Methods in Applied Mechanics and Engineering},
   volume = {198},
   number = {2},
   pages = {302-317},
   ISSN = {0045-7825},
   DOI = {http://dx.doi.org/10.1016/j.cma.2008.08.006},
   urXl = {http://www.sciencedirect.com/science/article/pii/S0045782508002880
http://ac.els-cdn.com/S0045782508002880/1-s2.0-S0045782508002880-main.pdf?_tid=ecc28d82-485d-11e4-a8b9-00000aab0f6b&acdnat=1412053077_db67ec5a6690c00915f2594458ca9217},
   year = {2008},
   type = {Journal Article}
}

@article{RN411,
   author = {Luo, Quantian and Tong, Liyong},
   title = {Calculation of Energy Release Rates for Cohesive and Interlaminar Delamination Based on the Classical Beam-adhesive Model},
   journal = {Journal of Composite Materials},
   volume = {43},
   number = {4},
   pages = {331-348},
   ISSN = {0021-9983},
   DOI = {10.1177/0021998308099226},
   urXl = {<Go to ISI>://WOS:000264086500003
http://jcm.sagepub.com/content/43/4/331.full.pdf},
   year = {2009},
   type = {Journal Article}
}

@article{RN310,
   author = {Luo, Z. P. and Koo, J. H.},
   title = {Quantitative study of the dispersion degree in carbon nanofiber/polymer and carbon nanotube/polymer nanocomposites},
   journal = {Materials Letters},
   volume = {62},
   number = {20},
   pages = {3493-3496},
   ISSN = {0167-577X},
   DOI = {10.1016/j.matlet.2008.03.010},
   urXl = {<Go to ISI>://WOS:000257378300007
http://ac.els-cdn.com/S0167577X08002760/1-s2.0-S0167577X08002760-main.pdf?_tid=591e6fc8-9bfc-11e3-9086-00000aab0f27&acdnat=1393099568_53e4c7f9dde3e454b57dfe29abc1ab57},
   year = {2008},
   type = {Journal Article}
}

@article{RN524,
   author = {M. Alfano, F. Furgiuele, L. Pagnotta, G.H. Paulino},
   title = {Analysis of fracture in aluminum joints bonded with a bi-component epoxy adhesive},
   journal = {Journal of Testing and Evaluation},
   volume = {39},
   number = {2},
   year = {2013},
   type = {Journal Article}
}

@article{RN412,
   author = {Ma, Jun and Mo, Mao-Song and Du, Xu-Sheng and Rosso, Patrick and Friedrich, Klaus and Kuan, Hsu-Chiang},
   title = {Effect of inorganic nanoparticles on mechanical property, fracture toughness and toughening mechanism of two epoxy systems},
   journal = {Polymer},
   volume = {49},
   number = {16},
   pages = {3510-3523},
   ISSN = {0032-3861},
   DOI = {http://dx.doi.org/10.1016/j.polymer.2008.05.043},
   urXl = {http://www.sciencedirect.com/science/article/pii/S0032386108004564},
   year = {2008},
   type = {Journal Article}
}

@article{RN414,
   author = {Ma, Jun and Mo, Mao-Song and Du, Xu-Sheng and Rosso, Patrick and Friedrich, Klaus and Kuan, Hsu-Chiang},
   title = {Effect of inorganic nanoparticles on mechanical property, fracture toughness and toughening mechanism of two epoxy systems},
   journal = {Polymer},
   volume = {49},
   number = {16},
   pages = {3510-3523},
   ISSN = {0032-3861},
   DOI = {http://dx.doi.org/10.1016/j.polymer.2008.05.043},
   urXl = {http://www.sciencedirect.com/science/article/pii/S0032386108004564
http://ac.els-cdn.com/S0032386108004564/1-s2.0-S0032386108004564-main.pdf?_tid=69b48d4c-b5d6-11e3-9917-00000aab0f01&acdnat=1395942005_19e3c37aa938600c13b4615de48dcee3},
   year = {2008},
   type = {Journal Article}
}

@article{RN229,
   author = {Ma, Yanfeng and Wang, Bin and Wu, Yingpeng and Huang, Yi and Chen, Yongsheng},
   title = {The production of horizontally aligned single-walled carbon nanotubes},
   journal = {Carbon},
   volume = {49},
   number = {13},
   pages = {4098-4110},
   ISSN = {00086223},
   DOI = {10.1016/j.carbon.2011.06.068},
   year = {2011},
   type = {Journal Article}
}

@article{RN340,
   author = {Ma, Yanfeng and Wang, Bin and Wu, Yingpeng and Huang, Yi and Chen, Yongsheng},
   title = {The production of horizontally aligned single-walled carbon nanotubes},
   journal = {Carbon},
   volume = {49},
   number = {13},
   pages = {4098-4110},
   ISSN = {00086223},
   DOI = {10.1016/j.carbon.2011.06.068},
   year = {2011},
   type = {Journal Article}
}

@article{RN568,
   author = {Mackinnon, Alexander J. and Jenkins, Stephen D. and McGrail, Patrick T. and Pethrick, Richard A.},
   title = {Cure and physical properties of thermoplastic modified epoxy resins based on polyethersulfone},
   journal = {Journal of Applied Polymer Science},
   volume = {58},
   number = {13},
   pages = {2345-2355},
   ISSN = {1097-4628},
   DOI = {10.1002/app.1995.070581302},
   urXl = {http://dx.doi.org/10.1002/app.1995.070581302
http://onlinelibrary.wiley.com/store/10.1002/app.1995.070581302/asset/070581302_ftp.pdf?v=1&t=idssnxpp&s=ebcdc3bc41bd5fcecf462ab5dffd5ecbcba05e23},
   year = {1995},
   type = {Journal Article}
}

@article{RN343,
   author = {Manjunatha, C. M. and Jagannathan, N. and Padmalatha, K. and Taylor, A. C. and Kinloch, A. J.},
   title = {The Fatigue and Fracture Behavior of Micron-Rubber and Nano-Silica Particles Modified Epoxy Polymer},
   journal = {International Journal of Nanoscience},
   volume = {11},
   number = {03},
   pages = {1240002},
   ISSN = {0219-581X
1793-5350},
   DOI = {10.1142/s0219581x12400029},
   year = {2012},
   type = {Journal Article}
}

@article{RN474,
   author = {Manjunatha, C. M. and Taylor, A. C. and Kinloch, A. J. and Sprenger, S.},
   title = {The effect of rubber micro-particles and silica nano-particles on the tensile fatigue behaviour of a glass-fibre epoxy composite},
   journal = {Journal of Materials Science},
   volume = {44},
   number = {1},
   pages = {342-345},
   ISSN = {0022-2461},
   DOI = {10.1007/s10853-008-3092-1},
   urXl = {<Go to ISI>://WOS:000262402200044
http://download.springer.com/static/pdf/799/art%253A10.1007%252Fs10853-008-3092-1.pdf?auth66=1400422187_d62e4a74dc58ccc002903f08b161baec&ext=.pdf},
   year = {2009},
   type = {Journal Article}
}

@article{RN543,
   author = {Martiny, Ph and Lani, F. and Kinloch, A. J. and Pardoen, T.},
   title = {Numerical analysis of the energy contributions in peel tests: A steady-state multilevel finite element approach},
   journal = {International Journal of Adhesion and Adhesives},
   volume = {28},
   number = {4–5},
   pages = {222-236},
   ISSN = {0143-7496},
   DOI = {http://dx.doi.org/10.1016/j.ijadhadh.2007.06.005},
   urXl = {http://www.sciencedirect.com/science/article/pii/S0143749607000681},
   year = {2008},
   type = {Journal Article}
}

@article{RN502,
   author = {Martiny, Ph and Lani, F. and Kinloch, A. J. and Pardoen, T.},
   title = {A multiscale parametric study of mode I fracture in metal-to-metal low-toughness adhesive joints},
   journal = {International Journal of Fracture},
   volume = {173},
   number = {2},
   pages = {105-133},
   ISSN = {0376-9429},
   DOI = {10.1007/s10704-011-9667-x},
   urXl = {http://dx.doi.org/10.1007/s10704-011-9667-x},
   year = {2012},
   type = {Journal Article}
}

@article{RN501,
   author = {Martiny, Ph and Lani, F. and Kinloch, A. J. and Pardoen, T.},
   title = {A maximum stress at a distance criterion for the prediction of crack propagation in adhesively-bonded joints},
   journal = {Engineering Fracture Mechanics},
   volume = {97},
   number = {0},
   pages = {105-135},
   ISSN = {0013-7944},
   DOI = {http://dx.doi.org/10.1016/j.engfracmech.2012.10.025},
   urXl = {http://www.sciencedirect.com/science/article/pii/S001379441200433X},
   year = {2013},
   type = {Journal Article}
}

@article{RN526,
   author = {Marzi, S. and Hesebeck, O. and Brede, M. and Kleiner, F.},
   title = {A Rate-Dependent Cohesive Zone Model for Adhesively Bonded Joints Loaded in Mode I},
   journal = {Journal of Adhesion Science and Technology},
   volume = {23},
   number = {6},
   pages = {881-898},
   ISSN = {0169-4243},
   DOI = {10.1163/156856109x411238},
   urXl = {<Go to ISI>://WOS:000265357100007},
   year = {2009},
   type = {Journal Article}
}

@misc{lisher},
   type = {Conference Paper}
}

@phdthesis{RN286,
   author = {Masania, Kunal},
   title = {PhD thesis, Toughening mechanisms of silica nanoparticle-modified epoxy polymers},
   university = {Imperial College London},
   year = {2010},
   type = {Thesis}
}

@phdthesis{RN357,
   author = {Matinlinna, JP},
   title = {Biomaterials I Lecture 3},
   university = {The University of Hong Kong},
   year = {2012},
   type = {Thesis}
}

@article{RN566,
   author = {Meschut, G},
   title = {Estimation of the temperature influence on adhesively bonded joints with time-temperature-superposition},
   journal = {Laboratory of Material Science and Joining Technology: Paderborn, Airbus Operations GmbH, Bremen},
   year = {2013},
   type = {Journal Article}
}

@phdthesis{RN369,
   author = {Mohammed, Reza Dave},
   title = {PhD thesis, Material properties and fracture mechanisms of epoxy nano-composites},
   university = {Imperial College London},
   year = {2007},
   type = {Thesis}
}

@book{RN476,
   author = {Mohammed, R. D. and Johnsen, B. B. and Kinloch, A. J. and Taylor, A. C. and Sprenger, S.},
   title = {Toughening mechanisms of nanoparticle-modified epoxy polymers},
   publisher = {Crc Press-Taylor & Francis Group},
   address = {Boca Raton},
   series = {Nsti Nanotech 2008, Vol 1, Technical Proceedings},
   pages = {798-801},
   ISBN = {978-1-4200-8503-7},
   urXl = {<Go to ISI>://WOS:000272169500209},
   year = {2008},
   type = {Book}
}

@article{RN287,
   author = {Moloney, A. C. and Kausch, H. H. and Kaiser, T. and Beer, H. R.},
   title = {Parameters determining the strength and toughness of particulate filled epoxide resins},
   journal = {Journal of Materials Science},
   volume = {22},
   number = {2},
   pages = {381-393},
   ISSN = {0022-2461},
   DOI = {10.1007/BF01160743},
   urXl = {http://dx.doi.org/10.1007/BF01160743
http://download.springer.com/static/pdf/906/art%253A10.1007%252FBF01160743.pdf?auth66=1393089810_ca38ace4f2c7775fc916b0d50c1f9b9a&ext=.pdf},
   year = {1987},
   type = {Journal Article}
}

@article{RN548,
   author = {Needleman, A.},
   title = {Continuum model for void nucleation by inclusion debonding},
   journal = {Journal of Applied Mechanics, Transactions ASME},
   volume = {54},
   number = {3},
   pages = {525-531},
   urXl = {http://www.scopus.com/inward/record.url?eid=2-s2.0-0023410904&partnerID=40&md5=ea5b90741d648d282e5f5219412f1d7c},
   year = {1987},
   type = {Journal Article}
}

@article{RN408,
   author = {Nguyen, O. and Repetto, E. A. and Ortiz, M. and Radovitzky, R. A.},
   title = {A cohesive model of fatigue crack growth},
   journal = {International Journal of Fracture},
   volume = {110},
   number = {4},
   pages = {351-369},
   ISSN = {0376-9429},
   DOI = {10.1023/a:1010839522926},
   urXl = {<Go to ISI>://WOS:000170425700003
http://download.springer.com/static/pdf/663/art%253A10.1023%252FA%253A1010839522926.pdf?auth66=1396033907_a31ee4b650ce9d29ef02fb37d30065de&ext=.pdf},
   year = {2001},
   type = {Journal Article}
}

@article{RN228,
   author = {Oliva-Aviles, A. I. and Aviles, F. and Sosa, V. and Oliva, A. I. and Gamboa, F.},
   title = {Dynamics of carbon nanotube alignment by electric fields},
   journal = {Nanotechnology},
   volume = {23},
   number = {46},
   pages = {465710},
   ISSN = {1361-6528 (Electronic)
0957-4484 (Linking)},
   DOI = {10.1088/0957-4484/23/46/465710},
   urXl = {http://www.ncbi.nlm.nih.gov/pubmed/23095490},
   year = {2012},
   type = {Journal Article}
}

@article{RN341,
   author = {Oliva-Aviles, A. I. and Aviles, F. and Sosa, V. and Oliva, A. I. and Gamboa, F.},
   title = {Dynamics of carbon nanotube alignment by electric fields},
   journal = {Nanotechnology},
   volume = {23},
   number = {46},
   pages = {465710},
   ISSN = {1361-6528 (Electronic)
0957-4484 (Linking)},
   DOI = {10.1088/0957-4484/23/46/465710},
   urXl = {http://www.ncbi.nlm.nih.gov/pubmed/23095490},
   year = {2012},
   type = {Journal Article}
}

@inbook{RN254,
   author = {Pan, Jwo and Lin, Shin-Huang},
   title = {6 - Fracture Mechanics and Fatigue Crack Propagation},
   booktitle = {Fatigue Testing and Analysis},
   editor = {Lee, Yung-Li and Pan, Jwo and Hathaway, Richard B. and Barkey, Mark E.},
   publisher = {Butterworth-Heinemann},
   address = {Burlington},
   pages = {237-284},
   ISBN = {978-0-7506-7719-6},
   DOI = {http://dx.doi.org/10.1016/B978-075067719-6/50007-5},
   urXl = {http://www.sciencedirect.com/science/article/pii/B9780750677196500075
http://ac.els-cdn.com/B9780750677196500075/3-s2.0-B9780750677196500075-main.pdf?_tid=833a580c-4d33-11e3-a927-00000aacb361&acdnat=1384437119_f5c949fa97bbe83e4008543f900a3657
http://ac.els-cdn.com/B9780750677196500075/3-s2.0-B9780750677196500075-main.pdf?_tid=999f9b7c-b9ab-11e3-9fe0-00000aab0f6b&acdnat=1396363422_b0ef5fe6c8a7da365bcb5fa3ce82790b
http://ac.els-cdn.com/B9780750677196500075/3-s2.0-B9780750677196500075-main.pdf?_tid=a12b0a3e-b9ab-11e3-899c-00000aab0f02&acdnat=1396363434_ad531135719de4b77d9a153efb5bc725},
   year = {2005},
   type = {Book Section}
}

@article{RN458,
   author = {Pascoe, J. A. and Alderliesten, R. C. and Benedictus, R.},
   title = {Methods for the prediction of fatigue delamination growth in composites and adhesive bonds - A critical review},
   journal = {Engineering Fracture Mechanics},
   volume = {112},
   pages = {72-96},
   ISSN = {0013-7944; 1873-7315},
   DOI = {10.1016/j.engfracmech.2013.10.003},
   urXl = {<Go to ISI>://WOS:000328179000006
http://ac.els-cdn.com/S0013794413003214/1-s2.0-S0013794413003214-main.pdf?_tid=f1d253e4-bb53-11e3-9261-00000aab0f02&acdnat=1396545676_0e51e338c889477768c328c857167251},
   year = {2013},
   type = {Journal Article}
}

@article{RN580,
   author = {Pearson, Raymond A. and Yee, Albert F.},
   title = {Toughening mechanisms in thermoplastic-modified epoxies: 1. Modification using poly(phenylene oxide)},
   journal = {Polymer},
   volume = {34},
   number = {17},
   pages = {3658-3670},
   ISSN = {0032-3861},
   DOI = {http://dx.doi.org/10.1016/0032-3861(93)90051-B},
   urXl = {http://www.sciencedirect.com/science/article/pii/003238619390051B},
   year = {1993},
   type = {Journal Article}
}

@article{RN495,
   author = {Ph. Beguelin, M Barbezat, H.H. Kausch},
   title = {Mechanical characterization of polymers and composites with a servohydraulic high-speed tensile tester},
   journal = {J Physics III},
   volume = {France I},
   pages = {1867-1880},
   year = {1991},
   type = {Journal Article}
}

@article{RN531,
   author = {Pinho, S. T. and Iannucci, L. and Robinson, P.},
   title = {Formulation and implementation of decohesion elements in an explicit finite element code},
   journal = {Composites Part a-Applied Science and Manufacturing},
   volume = {37},
   number = {5},
   pages = {778-789},
   ISSN = {1359-835X},
   DOI = {10.1016/j.compositesa.2005.06.007},
   urXl = {<Go to ISI>://WOS:000236654400010
http://ac.els-cdn.com/S1359835X05002691/1-s2.0-S1359835X05002691-main.pdf?_tid=beef5084-716b-11e4-b0ba-00000aacb35e&acdnat=1416567010_61d3725fc6e15c9fd6b0bda3cb302402},
   year = {2006},
   type = {Journal Article}
}

@article{RN420,
   author = {Pirondi, A. and Giuliese, G. and Moroni, F. and Bernasconi, A. and Jamil, A.},
   title = {Comparative Study of Cohesive Zone and Virtual Crack Closure Techniques for Three-Dimensional Fatigue Debonding},
   journal = {The Journal of Adhesion},
   volume = {90},
   number = {5-6},
   pages = {457-481},
   ISSN = {0021-8464},
   DOI = {10.1080/00218464.2013.859616},
   urXl = {http://dx.doi.org/10.1080/00218464.2013.859616},
   year = {2014},
   type = {Journal Article}
}

@article{RN516,
   author = {Planas, J. and Elices, M. and Guinea, G. V. and Gómez, F. J. and Cendón, D. A. and Arbilla, I.},
   title = {Generalizations and specializations of cohesive crack models},
   journal = {Engineering Fracture Mechanics},
   volume = {70},
   number = {14},
   pages = {1759-1776},
   ISSN = {0013-7944},
   DOI = {http://dx.doi.org/10.1016/S0013-7944(03)00123-1},
   urXl = {http://www.sciencedirect.com/science/article/pii/S0013794403001231
http://ac.els-cdn.com/S0013794403001231/1-s2.0-S0013794403001231-main.pdf?_tid=b98131c2-4857-11e4-9e10-00000aacb35f&acdnat=1412050414_23261691b244cb5e9c6ceae8e141de3e},
   year = {2003},
   type = {Journal Article}
}

@article{RN404,
   author = {Quispe Rodríguez, René and de Paiva, William Portilho and Sollero, Paulo and Bertoni Rodrigues, Marcelo Ricardo and de Albuquerque, Éder Lima},
   title = {Failure criteria for adhesively bonded joints},
   journal = {International Journal of Adhesion and Adhesives},
   volume = {37},
   number = {0},
   pages = {26-36},
   ISSN = {0143-7496},
   DOI = {http://dx.doi.org/10.1016/j.ijadhadh.2012.01.009},
   urXl = {http://www.sciencedirect.com/science/article/pii/S0143749612000103
http://ac.els-cdn.com/S0143749612000103/1-s2.0-S0143749612000103-main.pdf?_tid=479c4278-b422-11e3-a2d1-00000aab0f26&acdnat=1395754687_f7aae40eebaa9804b9bd7a59f4e864a8},
   year = {2012},
   type = {Journal Article}
}

@phdthesis{RN452,
   author = {R, Kregting},
   title = {Cohesive zone models - towards a robust impelementation fo a reversible behaviour},
   year = {2005},
   type = {Thesis}
}

@article{RN396,
   author = {Reddy, J. N. and Roy, S.},
   title = {Non-linear analysis of adhesively bonded joints},
   journal = {International Journal of Non-Linear Mechanics},
   volume = {23},
   number = {2},
   pages = {97-112},
   ISSN = {0020-7462},
   DOI = {http://dx.doi.org/10.1016/0020-7462(88)90017-0},
   urXl = {http://www.sciencedirect.com/science/article/pii/0020746288900170
http://ac.els-cdn.com/0020746288900170/1-s2.0-0020746288900170-main.pdf?_tid=6a845416-b41c-11e3-835e-00000aacb361&acdnat=1395752169_af06f00bef761cef828bf6a3c9637e36},
   year = {1988},
   type = {Journal Article}
}

@article{RN565,
   author = {Reeder, James R.},
   title = {Prediction of long-term strength of thermoplastic composites using time-temperature superposition},
   journal = {NASA/TM-2002-211781 (2002)},
   year = {2002},
   type = {Journal Article}
}

@article{RN463,
   author = {Ridha, M. and Tan, V. B. C. and Tay, T. E.},
   title = {Traction–separation laws for progressive failure of bonded scarf repair of composite panel},
   journal = {Composite Structures},
   volume = {93},
   number = {4},
   pages = {1239-1245},
   ISSN = {0263-8223},
   DOI = {http://dx.doi.org/10.1016/j.compstruct.2010.10.015},
   urXl = {http://www.sciencedirect.com/science/article/pii/S0263822310003570
http://ac.els-cdn.com/S0263822310003570/1-s2.0-S0263822310003570-main.pdf?_tid=9b18c48e-be5f-11e3-b9fa-00000aab0f27&acdnat=1396880538_58df879258bc45143d783deb431f1d63},
   year = {2011},
   type = {Journal Article}
}

@phdthesis{RN500,
   author = {Rodriguez Sanchez, F. S.},
   title = {PhD thesis, Fracture Behaviour of Automotive Adhesive Joints},
   university = {Imperial College London},
   year = {2008},
   type = {Thesis}
}

@article{RN407,
   author = {Roe, K. L. and Siegmund, T.},
   title = {An irreversible cohesive zone model for interface fatigue crack growth simulation},
   journal = {Engineering Fracture Mechanics},
   volume = {70},
   number = {2},
   pages = {209-232},
   ISSN = {0013-7944},
   DOI = {10.1016/s0013-7944(02)00034-6},
   urXl = {<Go to ISI>://WOS:000179436400004
http://ac.els-cdn.com/S0013794402000346/1-s2.0-S0013794402000346-main.pdf?_tid=7d238e40-b519-11e3-adfb-00000aacb361&acdnat=1395860863_865338febc5c8017854c8fac69194168},
   year = {2003},
   type = {Journal Article}
}

@article{RN388,
   author = {Rybicki, E. F. and Kanninen, M. F.},
   title = {FINITE-ELEMENT CALCULATION OF STRESS INTENSITY FACTORS BY A MODIFIED CRACK CLOSURE INTEGRAL},
   journal = {Engineering Fracture Mechanics},
   volume = {9},
   number = {4},
   pages = {931-938},
   ISSN = {0013-7944},
   DOI = {10.1016/0013-7944(77)90013-3},
   urXl = {<Go to ISI>://WOS:A1977EA22900013
http://ac.els-cdn.com/0013794477900133/1-s2.0-0013794477900133-main.pdf?_tid=da9884a8-b407-11e3-a7ba-00000aacb360&acdnat=1395743337_07608df34c623a351f47f35d7d43d52f},
   year = {1977},
   type = {Journal Article}
}

@article{RN273,
   author = {Salehi Vaziri, Hossein and Abadyan, Mohamadreza and Nouri, Meisam and Omaraei, IrajAmiri and Sadredini, Zahra and Ebrahimnia, Mohamad},
   title = {Investigation of the fracture mechanism and mechanical properties of polystyrene/silica nanocomposite in various silica contents},
   journal = {Journal of Materials Science},
   volume = {46},
   number = {17},
   pages = {5628-5638},
   ISSN = {0022-2461},
   DOI = {10.1007/s10853-011-5513-9},
   urXl = {http://dx.doi.org/10.1007/s10853-011-5513-9
http://download.springer.com/static/pdf/587/art%253A10.1007%252Fs10853-011-5513-9.pdf?auth66=1396111583_76f4ef0eb5806c8d696ab7510677e43c&ext=.pdf},
   year = {2011},
   type = {Journal Article}
}

@article{RN462,
   author = {Scheider, Ingo},
   title = {Derivation of separation laws for cohesive models in the course of ductile fracture},
   journal = {Engineering Fracture Mechanics},
   volume = {76},
   number = {10},
   pages = {1450-1459},
   ISSN = {0013-7944},
   DOI = {http://dx.doi.org/10.1016/j.engfracmech.2008.12.006},
   urXl = {http://www.sciencedirect.com/science/article/pii/S0013794408003226
http://ac.els-cdn.com/S0013794408003226/1-s2.0-S0013794408003226-main.pdf?_tid=98d4b458-be5f-11e3-accb-00000aacb35d&acdnat=1396880534_99a4340079597e08830c02b1326b5897},
   year = {2009},
   type = {Journal Article}
}

@article{RN461,
   author = {Scheider, Ingo},
   title = {Micromechanical based derivation of traction-separation laws for cohesive model simulations},
   journal = {Procedia Engineering},
   volume = {1},
   number = {1},
   pages = {17-21},
   ISSN = {1877-7058},
   DOI = {http://dx.doi.org/10.1016/j.proeng.2009.06.006},
   urXl = {http://www.sciencedirect.com/science/article/pii/S1877705809000071
http://ac.els-cdn.com/S1877705809000071/1-s2.0-S1877705809000071-main.pdf?_tid=9e6cc69e-be5f-11e3-8593-00000aab0f27&acdnat=1396880544_e97ec5755eccc8fb3622620e3ad18cc0},
   year = {2009},
   type = {Journal Article}
}

@article{RN311,
   author = {Schiffers, K. and Schurr, F. M. and Tielborger, K. and Urbach, C. and Moloney, K. and Jeltsch, F.},
   title = {Dealing with virtual aggregation - a new index for analysing heterogeneous point patterns},
   journal = {Ecography},
   volume = {31},
   number = {5},
   pages = {545-555},
   ISSN = {0906-7590},
   DOI = {10.1111/j.0906-7590.2008.05374.x},
   urXl = {<Go to ISI>://WOS:000259814900001
http://onlinelibrary.wiley.com/store/10.1111/j.0906-7590.2008.05374.x/asset/j.0906-7590.2008.05374.x.pdf?v=1&t=hrzbgryh&s=d4c9f86d1d6c5799a6e08e8518313bbcaab69c1d},
   year = {2008},
   type = {Journal Article}
}

@article{RN317,
   author = {Sebahattin Kirtay, Derya Dispinar},
   title = {Effect of ranking selection on the weibull modulus estimation},
   journal = {Gazi University Journal of Science},
   volume = {25(1):175-187(2012)},
   type = {Journal Article}
}

@article{RN392,
   author = {Shenoy, V. and Ashcroft, I. A. and Critchlow, G. W. and Crocombe, A. D.},
   title = {Unified methodology for the prediction of the fatigue behaviour of adhesively bonded joints},
   journal = {International Journal of Fatigue},
   volume = {32},
   number = {8},
   pages = {1278-1288},
   ISSN = {0142-1123},
   DOI = {http://dx.doi.org/10.1016/j.ijfatigue.2010.01.013},
   urXl = {http://www.sciencedirect.com/science/article/pii/S0142112310000265
http://ac.els-cdn.com/S0142112310000265/1-s2.0-S0142112310000265-main.pdf?_tid=d85313b6-b41b-11e3-b767-00000aab0f26&acdnat=1395751923_6622672adb3d5e2cd88643cc6ea6782c},
   year = {2010},
   type = {Journal Article}
}

@article{RN406,
   author = {Shivakumar, K. N. and Tan, P. W. and Newman, J. C., Jr.},
   title = {A virtual crack-closure technique for calculating stress intensity factors for cracked three dimensional bodies},
   journal = {International Journal of Fracture},
   volume = {36},
   number = {3},
   pages = {R43-R50},
   ISSN = {0376-9429},
   DOI = {10.1007/BF00035103},
   urXl = {http://dx.doi.org/10.1007/BF00035103},
   year = {1988},
   type = {Journal Article}
}

@article{RN312,
   author = {Song, Y. S. and Youn, J. R.},
   title = {Influence of dispersion states of carbon nanotubes on physical properties of epoxy nanocomposites},
   journal = {Carbon},
   volume = {43},
   number = {7},
   pages = {1378-1385},
   ISSN = {0008-6223},
   DOI = {10.1016/j.carbon.2005.01.007},
   urXl = {<Go to ISI>://WOS:000229246900006
http://ac.els-cdn.com/S0008622305000527/1-s2.0-S0008622305000527-main.pdf?_tid=b18fe9c0-9bfc-11e3-a5ae-00000aab0f6c&acdnat=1393099716_e29828ea368341231a8f5b5681468efb},
   year = {2005},
   type = {Journal Article}
}

@article{RN547,
   author = {Sun, C. and Thouless, M. D. and Waas, A. M. and Schroeder, J. A. and Zavattieri, P. D.},
   title = {Ductile-brittle transitions in the fracture of plastically deforming, adhesively bonded structures. Part II: Numerical studies},
   journal = {International Journal of Solids and Structures},
   volume = {45},
   number = {17},
   pages = {4725-4738},
   ISSN = {0020-7683},
   DOI = {10.1016/j.ijsolstr.2008.04.007},
   urXl = {<Go to ISI>://WOS:000258021800009
http://ac.els-cdn.com/S0020768308001716/1-s2.0-S0020768308001716-main.pdf?_tid=85d67eda-8836-11e4-8635-00000aacb362&acdnat=1419073028_7349407219f7462b4cfd4ed7ddcea95f},
   year = {2008},
   type = {Journal Article}
}

@article{RN549,
   author = {Sun, C. and Thouless, M. D. and Waas, A. M. and Schroeder, J. A. and Zavattieri, P. D.},
   title = {Ductile-brittle transitions in the fracture of plastically deforming, adhesively bonded structures. Part II: Numerical studies},
   journal = {International Journal of Solids and Structures},
   volume = {45},
   number = {17},
   pages = {4725-4738},
   ISSN = {0020-7683},
   DOI = {10.1016/j.ijsolstr.2008.04.007},
   urXl = {<Go to ISI>://WOS:000258021800009
http://ac.els-cdn.com/S0020768308001716/1-s2.0-S0020768308001716-main.pdf?_tid=bab68a96-883b-11e4-85c5-00000aacb362&acdnat=1419075264_5dfa83e561d2ca150d862ccc75730050},
   year = {2008},
   type = {Journal Article}
}

@article{RN465,
   author = {Sun, C. and Thouless, M. D. and Waas, A. M. and Schroeder, J. A. and Zavattieri, P. D.},
   title = {Rate effects for mixed-mode fracture of plastically-deforming, adhesively-bonded structures},
   journal = {International Journal of Adhesion and Adhesives},
   volume = {29},
   number = {4},
   pages = {434-443},
   ISSN = {0143-7496},
   DOI = {10.1016/j.ijadhadh.2008.09.003},
   urXl = {<Go to ISI>://WOS:000263623500012
http://ac.els-cdn.com/S0143749608001012/1-s2.0-S0143749608001012-main.pdf?_tid=f26cb952-c3c3-11e3-9eaf-00000aab0f6c&acdnat=1397473390_8214e314e3697e343cb645fb59109b05},
   year = {2009},
   type = {Journal Article}
}

@article{RN467,
   author = {Sun, C. and Thouless, M. D. and Waas, A. M. and Schroeder, J. A. and Zavattieri, P. D.},
   title = {Rate effects in mode-II fracture of plastically deforming, adhesively bonded structures},
   journal = {International Journal of Fracture},
   volume = {156},
   number = {2},
   pages = {111-128},
   ISSN = {0376-9429},
   DOI = {10.1007/s10704-009-9339-2},
   urXl = {<Go to ISI>://WOS:000266922700001},
   year = {2009},
   type = {Journal Article}
}

@article{RN235,
   author = {Tadaharu Adachi and Osaki, Mayuka and Araki, Wakako and Kwon, Soon-Chul},
   title = {Fracture toughness of nano- and micro-spherical silica-particle-filled epoxy composites},
   journal = {Acta Materialia},
   volume = {56},
   number = {9},
   pages = {2101-2109},
   ISSN = {13596454},
   DOI = {10.1016/j.actamat.2008.01.002},
   urXl = {http://ac.els-cdn.com/S1359645408000219/1-s2.0-S1359645408000219-main.pdf?_tid=193452de-9962-11e3-88f0-00000aacb362&acdnat=1392813416_0ab21b92f956d0da20e65d89d3165b79},
   year = {2008},
   type = {Journal Article}
}

@article{RN230,
   author = {Tang, Long-Cheng and Zhang, Hui and Sprenger, Stephan and Ye, Lin and Zhang, Zhong},
   title = {Fracture mechanisms of epoxy-based ternary composites filled with rigid-soft particles},
   journal = {Composites Science and Technology},
   volume = {72},
   number = {5},
   pages = {558-565},
   ISSN = {02663538},
   DOI = {10.1016/j.compscitech.2011.12.015},
   year = {2012},
   type = {Journal Article}
}

@phdthesis{RN323,
   author = {Taylor, Ambrose},
   title = {Unit 1: Structure of Polymers},
   university = {Imperial College London},
   year = {2013},
   type = {Thesis}
}

@misc{lisher},
   year = {2016},
   type = {Personal Communication}
}

@misc{lisher},
   year = {2016},
   type = {Personal Communication}
}

@phdthesis{RN472,
   author = {Travesa, Albert Turon},
   title = {PhD thesis, Simulation of Delamination in Composite Materials under Static and Fatigue Loading by Cohesive Zone Models},
   university = {Universitat De Girona},
   year = {2006},
   type = {Thesis}
}

@article{RN507,
   author = {Turon, A. and Dávila, C. G. and Camanho, P. P. and Costa, J.},
   title = {An engineering solution for mesh size effects in the simulation of delamination using cohesive zone models},
   journal = {Engineering Fracture Mechanics},
   volume = {74},
   number = {10},
   pages = {1665-1682},
   ISSN = {0013-7944},
   DOI = {http://dx.doi.org/10.1016/j.engfracmech.2006.08.025},
   urXl = {http://www.sciencedirect.com/science/article/pii/S0013794406003808
http://ac.els-cdn.com/S0013794406003808/1-s2.0-S0013794406003808-main.pdf?_tid=daabea0e-47b7-11e4-8baf-00000aab0f27&acdnat=1411981750_71a15a2eb0559de87a6bb8ed40f1f90f},
   year = {2007},
   type = {Journal Article}
}

@article{RN481,
   author = {Tvergaard, Viggo},
   title = {Crack growth predictions by cohesive zone model for ductile fracture},
   journal = {Journal of the Mechanics and Physics of Solids},
   volume = {49},
   number = {9},
   pages = {2191-2207},
   ISSN = {0022-5096},
   DOI = {http://dx.doi.org/10.1016/S0022-5096(01)00030-8},
   urXl = {http://www.sciencedirect.com/science/article/pii/S0022509601000308},
   year = {2001},
   type = {Journal Article}
}

@article{RN551,
   author = {Tvergaard, Viggo},
   title = {Crack growth predictions by cohesive zone model for ductile fracture},
   journal = {Journal of the Mechanics and Physics of Solids},
   volume = {49},
   number = {9},
   pages = {2191-2207},
   ISSN = {0022-5096},
   DOI = {http://dx.doi.org/10.1016/S0022-5096(01)00030-8},
   urXl = {http://www.sciencedirect.com/science/article/pii/S0022509601000308
http://ac.els-cdn.com/S0022509601000308/1-s2.0-S0022509601000308-main.pdf?_tid=99156572-883d-11e4-a04b-00000aacb361&acdnat=1419076067_5d6a7dbaee7dc3a27079a1c760515a29},
   year = {2001},
   type = {Journal Article}
}

@article{RN510,
   author = {Tvergaard, Viggo and Hutchinson, John W.},
   title = {The relation between crack growth resistance and fracture process parameters in elastic-plastic solids},
   journal = {Journal of the Mechanics and Physics of Solids},
   volume = {40},
   number = {6},
   pages = {1377-1397},
   ISSN = {0022-5096},
   DOI = {http://dx.doi.org/10.1016/0022-5096(92)90020-3},
   urXl = {http://www.sciencedirect.com/science/article/pii/0022509692900203
http://ac.els-cdn.com/0022509692900203/1-s2.0-0022509692900203-main.pdf?_tid=ffe60e0e-47c5-11e4-89a8-00000aacb361&acdnat=1411987825_daf849b8ff3b807c259c0e2780d496aa},
   year = {1992},
   type = {Journal Article}
}

@article{RN470,
   author = {Tvergaard, V. and Hutchinson, J. W.},
   title = {The relation between crack-growth resistance and fracture process parameters in elastic plastic solids},
   journal = {Journal of the Mechanics and Physics of Solids},
   volume = {40},
   number = {6},
   pages = {1377-1397},
   ISSN = {0022-5096},
   DOI = {10.1016/0022-5096(92)90020-3},
   urXl = {<Go to ISI>://WOS:A1992JJ33500010},
   year = {1992},
   type = {Journal Article}
}

@article{RN484,
   author = {Tvergaard, V. and Hutchinson, J. W.},
   title = {Effect of strain-dependent cohesive zone model on predictions of crack growth resistance},
   journal = {International Journal of Solids and Structures},
   volume = {33},
   number = {20–22},
   pages = {3297-3308},
   ISSN = {0020-7683},
   DOI = {http://dx.doi.org/10.1016/0020-7683(95)00261-8},
   urXl = {http://www.sciencedirect.com/science/article/pii/0020768395002618},
   year = {1996},
   type = {Journal Article}
}

@article{RN556,
   author = {Umboh, MarkusKaramoy and Adachi, Tadaharu and Oishi, Kouzo and Higuchi, Masahiro and Major, Zoltan},
   title = {Mechanical properties of nano-silica particulate-reinforced epoxy composites considered in terms of crosslinking effect in matrix resins},
   journal = {Journal of Materials Science},
   volume = {48},
   number = {15},
   pages = {5148-5156},
   ISSN = {0022-2461},
   DOI = {10.1007/s10853-013-7300-2},
   urXl = {http://dx.doi.org/10.1007/s10853-013-7300-2
http://download.springer.com/static/pdf/786/art%253A10.1007%252Fs10853-013-7300-2.pdf?originUrl=http%3A%2F%2Flink.springer.com%2Farticle%2F10.1007%2Fs10853-013-7300-2&token2=exp=1439903544~acl=%2Fstatic%2Fpdf%2F786%2Fart%25253A10.1007%25252Fs10853-013-7300-2.pdf%3ForiginUrl%3Dhttp%253A%252F%252Flink.springer.com%252Farticle%252F10.1007%252Fs10853-013-7300-2*~hmac=e4354b5f066541d282e0b492d01bd66409693e433209c1ae3a1cc4a501881253},
   year = {2013},
   type = {Journal Article}
}

@book{RN280,
   author = {Vegt, A. K. van der},
   title = {From Polymers to Plastics},
   publisher = {Delft University Press},
   year = {2002},
   type = {Book}
}

@article{RN429,
   author = {Venables, J. D.},
   title = {Adhesion and durability of metal-polymer bonds},
   journal = {Journal of Materials Science},
   volume = {19},
   number = {8},
   pages = {2431-2453},
   ISSN = {0022-2461},
   DOI = {10.1007/BF00550796},
   urXl = {http://dx.doi.org/10.1007/BF00550796},
   year = {1984},
   type = {Journal Article}
}

@article{RN313,
   author = {Wallet, F. and Dussert, C.},
   title = {Multifactorial comparative study of spatial point pattern analysis methods},
   journal = {Journal of Theoretical Biology},
   volume = {187},
   number = {3},
   pages = {437-447},
   ISSN = {0022-5193},
   DOI = {10.1006/jtbi.1997.0445},
   urXl = {<Go to ISI>://WOS:A1997XQ20300011
http://ac.els-cdn.com/S0022519397904458/1-s2.0-S0022519397904458-main.pdf?_tid=0fa43638-9bfd-11e3-b4bc-00000aab0f6c&acdnat=1393099874_60d44b74508328d617f81f7af561024f},
   year = {1997},
   type = {Journal Article}
}

@article{RN355,
   author = {Wang, Qihua and Pei, Xianqiang},
   title = {Chapter 4. The influence of nanoparticle fillers on the friction and wear behavior of polymer matrices},
   volume = {55},
   pages = {62-81},
   ISSN = {15723364},
   DOI = {10.1016/s1572-3364(08)55004-x},
   year = {2008},
   type = {Journal Article}
}

@article{RN468,
   author = {Wang, Y. and Williams, J. G.},
   title = {Dynamic crack growth in TDCB specimens},
   journal = {International Journal of Mechanical Sciences},
   volume = {38},
   number = {10},
   pages = {1073-1088},
   ISSN = {0020-7403},
   DOI = {10.1016/0020-7403(95)00114-x},
   urXl = {<Go to ISI>://WOS:A1996UT41200003
http://ac.els-cdn.com/002074039500114X/1-s2.0-002074039500114X-main.pdf?_tid=cbf43d48-c497-11e3-b2ff-00000aacb362&acdnat=1397564379_8c383b6c6ff45d436c625d4ace7d878d},
   year = {1996},
   type = {Journal Article}
}

@article{RN314,
   author = {Wiegand, T. and Kissling, W. D. and Cipriotti, P. A. and Aguiar, M. R.},
   title = {Extending point pattern analysis for objects of finite size and irregular shape},
   journal = {Journal of Ecology},
   volume = {94},
   number = {4},
   pages = {825-837},
   ISSN = {0022-0477},
   DOI = {10.1111/j.1365-2745.2006.01113.x},
   urXl = {<Go to ISI>://WOS:000237972700010
http://onlinelibrary.wiley.com/store/10.1111/j.1365-2745.2006.01113.x/asset/j.1365-2745.2006.01113.x.pdf?v=1&t=hrzbo5ci&s=d0f9b461d1f9630a2f27a57b6f9f45df9788ceff},
   year = {2006},
   type = {Journal Article}
}

@article{RN471,
   author = {Williams, J. G. and Hadavinia, H.},
   title = {Analytical solutions for cohesive zone models},
   journal = {Journal of the Mechanics and Physics of Solids},
   volume = {50},
   number = {4},
   pages = {809-825},
   ISSN = {0022-5096},
   DOI = {10.1016/s0022-5096(01)00095-3},
   urXl = {<Go to ISI>://WOS:000174926600007
http://ac.els-cdn.com/S0022509601000953/1-s2.0-S0022509601000953-main.pdf?_tid=5bd42cd4-c4a2-11e3-8e06-00000aacb362&acdnat=1397568918_0a2069ce5ec0074487f03c26c45dc17d},
   year = {2002},
   type = {Journal Article}
}

@article{RN535,
   author = {Williams, J. G. and Hadavinia, H.},
   title = {Analytical solutions for cohesive zone models},
   journal = {Journal of the Mechanics and Physics of Solids},
   volume = {50},
   number = {4},
   pages = {809-825},
   ISSN = {0022-5096},
   DOI = {http://dx.doi.org/10.1016/S0022-5096(01)00095-3},
   urXl = {http://www.sciencedirect.com/science/article/pii/S0022509601000953},
   year = {2002},
   type = {Journal Article}
}

@article{RN250,
   author = {Wise, C. W. and Cook, W. D. and Goodwin, A. A.},
   title = {CTBN rubber phase precipitation in model epoxy resins},
   journal = {Polymer},
   volume = {41},
   number = {12},
   pages = {4625-4633},
   ISSN = {0032-3861},
   DOI = {http://dx.doi.org/10.1016/S0032-3861(99)00686-2},
   urXl = {http://www.sciencedirect.com/science/article/pii/S0032386199006862
http://ac.els-cdn.com/S0032386199006862/1-s2.0-S0032386199006862-main.pdf?_tid=360833c2-488f-11e3-a8b2-00000aacb35f&acdnat=1383926747_a266becafb2fa90287df723f38c8dfd2
http://ac.els-cdn.com/S0032386199006862/1-s2.0-S0032386199006862-main.pdf?_tid=c2444afa-97f5-11e3-a7eb-00000aab0f02&acdnat=1392656933_4ef01b01ec3f59fbe2dc2c3fd7779e38},
   year = {2000},
   type = {Journal Article}
}

@article{RN380,
   author = {Xiao, Keqin and Ye, Lin},
   title = {Rate-effect on fracture behavior of core-shell-rubber (CSR)-modified epoxies},
   journal = {Polymer Engineering & Science},
   volume = {40},
   number = {1},
   pages = {70-81},
   ISSN = {1548-2634},
   DOI = {10.1002/pen.11140},
   urXl = {http://dx.doi.org/10.1002/pen.11140
http://onlinelibrary.wiley.com/store/10.1002/pen.11140/asset/11140_ftp.pdf?v=1&t=ht1el2q1&s=324ab0a7040a09dc90cf2e2493adb7eb47611312},
   year = {2000},
   type = {Journal Article}
}

@article{RN562,
   author = {Xiao, Keqin and Ye, Lin},
   title = {Rate-effect on fracture behavior of core-shell-rubber (CSR)-modified epoxies},
   journal = {Polymer Engineering & Science},
   volume = {40},
   number = {1},
   pages = {70-81},
   ISSN = {1548-2634},
   DOI = {10.1002/pen.11140},
   urXl = {http://dx.doi.org/10.1002/pen.11140
http://onlinelibrary.wiley.com/store/10.1002/pen.11140/asset/11140_ftp.pdf?v=1&t=idq4j69z&s=7734fc425163a15788dda7a51d78ae810aa67ce2},
   year = {2000},
   type = {Journal Article}
}

@article{RN485,
   author = {Xu, C. C. and Siegmund, T. and Ramani, K.},
   title = {Rate-dependent crack growth in adhesives - I. Modeling approach},
   journal = {International Journal of Adhesion and Adhesives},
   volume = {23},
   number = {1},
   pages = {9-13},
   ISSN = {0143-7496},
   DOI = {10.1016/s0143-7496(02)00062-3},
   urXl = {<Go to ISI>://WOS:000181503100002},
   year = {2003},
   type = {Journal Article}
}

@article{RN509,
   author = {Xu, X. P. and Needleman, A.},
   title = {Numerical simulations of fast crack growth in brittle solids},
   journal = {Journal of the Mechanics and Physics of Solids},
   volume = {42},
   number = {9},
   pages = {1397-1434},
   ISSN = {0022-5096},
   DOI = {http://dx.doi.org/10.1016/0022-5096(94)90003-5},
   urXl = {http://www.sciencedirect.com/science/article/pii/0022509694900035
http://ac.els-cdn.com/0022509694900035/1-s2.0-0022509694900035-main.pdf?_tid=58ae2392-47c5-11e4-a50c-00000aab0f01&acdnat=1411987545_30e98a526d16aa53937913bb604d6088},
   year = {1994},
   type = {Journal Article}
}

@article{RN583,
   author = {Yamanaka, Keizo and Inoue, Takashi},
   title = {Structure development in epoxy resin modified with poly(ether sulphone)},
   journal = {Polymer},
   volume = {30},
   number = {4},
   pages = {662-667},
   ISSN = {0032-3861},
   DOI = {http://dx.doi.org/10.1016/0032-3861(89)90151-1},
   urXl = {http://www.sciencedirect.com/science/article/pii/0032386189901511},
   year = {1989},
   type = {Journal Article}
}

@article{RN585,
   author = {Yamanaka, Keizo and Inoue, Takashi},
   title = {Structure development in epoxy resin modified with poly(ether sulphone)},
   journal = {Polymer},
   volume = {30},
   number = {4},
   pages = {662-667},
   ISSN = {0032-3861},
   DOI = {http://dx.doi.org/10.1016/0032-3861(89)90151-1},
   urXl = {http://www.sciencedirect.com/science/article/pii/0032386189901511},
   year = {1989},
   type = {Journal Article}
}

@article{RN454,
   author = {Yan, C. and Mai, Y. W. and Ye, L.},
   title = {Effect of bond thickness on fracture behaviour in adhesive joints},
   journal = {Journal of Adhesion},
   volume = {75},
   number = {1},
   pages = {27-44},
   ISSN = {0021-8464},
   DOI = {10.1080/00218460108029592},
   urXl = {<Go to ISI>://WOS:000167345700002
http://www.tandfonline.com/doi/pdf/10.1080/00218460108029592},
   year = {2001},
   type = {Journal Article}
}

@article{RN513,
   author = {Yang, B. and Mall, S. and Ravi-Chandar, K.},
   title = {A cohesive zone model for fatigue crack growth in quasibrittle materials},
   journal = {International Journal of Solids and Structures},
   volume = {38},
   number = {22–23},
   pages = {3927-3944},
   ISSN = {0020-7683},
   DOI = {http://dx.doi.org/10.1016/S0020-7683(00)00253-5},
   urXl = {http://www.sciencedirect.com/science/article/pii/S0020768300002535
http://ac.els-cdn.com/S0020768300002535/1-s2.0-S0020768300002535-main.pdf?_tid=bf720882-4856-11e4-8402-00000aab0f6c&acdnat=1412049994_56ee52160fe7cf176d702c400ccfb023},
   year = {2001},
   type = {Journal Article}
}

@article{RN561,
   author = {Yee, B. J. Cardwell and A. F.},
   title = {Rate and temperature effects on the fracture toughness of a rubber-modified epoxy},
   journal = {POLYMER, 1993, Volume 34, Number 8},
   type = {Journal Article}
}

@article{RN570,
   author = {Yun, Nam Gyun and Won, Yong Gu and Kim, Sung Chul},
   title = {Toughening of carbon fiber/epoxy composite by inserting polysulfone film to form morphology spectrum},
   journal = {Polymer},
   volume = {45},
   number = {20},
   pages = {6953-6958},
   ISSN = {0032-3861},
   DOI = {http://dx.doi.org/10.1016/j.polymer.2004.08.020},
   urXl = {http://www.sciencedirect.com/science/article/pii/S0032386104007864
http://ac.els-cdn.com/S0032386104007864/1-s2.0-S0032386104007864-main.pdf?_tid=d7aa749c-4bf3-11e5-b1d8-00000aacb35d&acdnat=1440594817_3a76c5fcf71a4e14fdffd45e12f54eef},
   year = {2004},
   type = {Journal Article}
}

@article{RN348,
   author = {Zamanian, Milad and Mortezaei, Mehrzad and Salehnia, Babak and Jam, J. E.},
   title = {Fracture toughness of epoxy polymer modified with nanosilica particles: Particle size effect},
   journal = {Engineering Fracture Mechanics},
   volume = {97},
   pages = {193-206},
   ISSN = {00137944},
   DOI = {10.1016/j.engfracmech.2012.10.027},
   year = {2013},
   type = {Journal Article}
}

@article{RN221,
   author = {Zhang, Hui and Tang, Long-Cheng and Zhang, Zhong and Friedrich, Klaus and Sprenger, Stephan},
   title = {Fracture behaviours of in situ silica nanoparticle-filled epoxy at different temperatures},
   journal = {Polymer},
   volume = {49},
   number = {17},
   pages = {3816-3825},
   ISSN = {00323861},
   DOI = {10.1016/j.polymer.2008.06.040},
   year = {2008},
   type = {Journal Article}
}

@article{RN337,
   author = {Zhang, Hui and Tang, Long-Cheng and Zhang, Zhong and Friedrich, Klaus and Sprenger, Stephan},
   title = {Fracture behaviours of in situ silica nanoparticle-filled epoxy at different temperatures},
   journal = {Polymer},
   volume = {49},
   number = {17},
   pages = {3816-3825},
   ISSN = {00323861},
   DOI = {10.1016/j.polymer.2008.06.040},
   year = {2008},
   type = {Journal Article}
}

@article{RN479,
   author = {Zhang, Xi and Mai, Yiu-Wing and Jeffrey, Rob G.},
   title = {A cohesive plastic and damage zone model for dynamic crack growth in rate-dependent materials},
   journal = {International Journal of Solids and Structures},
   volume = {40},
   number = {21},
   pages = {5819-5837},
   ISSN = {0020-7683},
   DOI = {http://dx.doi.org/10.1016/S0020-7683(03)00370-6},
   urXl = {http://www.sciencedirect.com/science/article/pii/S0020768303003706},
   year = {2003},
   type = {Journal Article}
}

@article{RN554,
   author = {Zhang, Z. and Evans, D.},
   title = {Investigation of fracture properties of epoxy at low temperatures},
   journal = {Polymer Engineering & Science},
   volume = {43},
   number = {5},
   pages = {1071-1080},
   ISSN = {1548-2634},
   DOI = {10.1002/pen.10091},
   urXl = {http://dx.doi.org/10.1002/pen.10091
http://onlinelibrary.wiley.com/store/10.1002/pen.10091/asset/10091_ftp.pdf?v=1&t=idhc8d7s&s=738f9e64ad7435df2059de8f19106b80775eec1b},
   year = {2003},
   type = {Journal Article}
}

@article{RN338,
   author = {Zhao, S. and Schadler, L. and Duncan, R. and Hillborg, H. and Auletta, T.},
   title = {Mechanisms leading to improved mechanical performance in nanoscale alumina filled epoxy},
   journal = {Composites Science and Technology},
   volume = {68},
   number = {14},
   pages = {2965-2975},
   ISSN = {02663538},
   DOI = {10.1016/j.compscitech.2008.01.009},
   year = {2008},
   type = {Journal Article}
}

